Date,Location,Check_Ave,Sales,Item_Count
7/1/2017,ETC,10.45,613.81,175
7/2/2017,ETC,9.18,695.18,223
7/3/2017,Passport,7.63,674.8,212
7/3/2017,Post Office,10.11,171.76,20
7/3/2017,Tylers,7.87,720.75,191
7/3/2017,ETC,5.9,"1,061.64",379
7/3/2017,8:15,4.32,243.35,102
7/4/2017,ETC,63.42,63.42,20
7/5/2017,Post Office,10.26,184.67,19
7/5/2017,Tylers,7.27,988.67,281
7/5/2017,ETC,6.58,"1,546.13",550
7/5/2017,8:15,3.76,255.78,107
7/5/2017,Passport,7.75,"1,151.21",390
7/6/2017,8:15,4.45,464.13,188
7/6/2017,Post Office,18.03,360.48,26
7/6/2017,Tylers,6.83,926.13,287
7/6/2017,Passport,7.77,"1,141.86",380
7/6/2017,ETC,8.06,"1,891.25",713
7/7/2017,Post Office,11.09,276.9,31
7/7/2017,8:15,4.75,340.19,129
7/7/2017,Tylers,6.59,722.11,208
7/7/2017,ETC,7.98,"1,488.94",474
7/7/2017,Passport,8.37,"1,106.74",347
7/8/2017,ETC,13.33,905.72,268
7/9/2017,ETC,9.64,623.82,183
7/10/2017,Tylers,6.89,978.49,294
7/10/2017,Passport,7.43,"1,253.08",420
7/10/2017,8:15,3.54,296.79,133
7/10/2017,ETC,6.97,"1,127.28",370
7/10/2017,Post Office,15.24,304.48,33
7/11/2017,ETC,7.96,"1,222.28",369
7/11/2017,Passport,6.98,"1,245.75",445
7/11/2017,Post Office,16.96,525.71,32
7/11/2017,8:15,4.33,391.41,148
7/11/2017,Tylers,7.37,"1,033.38",312
7/12/2017,Tylers,7.11,895.34,247
7/12/2017,Passport,7.27,"1,202.91",412
7/12/2017,ETC,7.66,"1,057.54",369
7/12/2017,8:15,4.55,492.58,185
7/12/2017,Post Office,10.66,106.47,12
7/13/2017,Post Office,9.42,112.71,17
7/13/2017,Passport,7.35,"1,166.96",392
7/13/2017,Tylers,7.71,"1,234.49",355
7/13/2017,8:15,4.17,389.71,151
7/13/2017,ETC,6.95,"1,002.88",347
7/14/2017,Passport,7.66,"1,094.69",387
7/14/2017,ETC,9.49,"1,668.74",483
7/14/2017,8:15,4.63,370.73,142
7/14/2017,Tylers,8.38,"1,222.49",346
7/14/2017,Post Office,7.41,125.84,22
7/15/2017,ETC,12.1,"1,034.31",300
7/16/2017,ETC,14.19,946.79,284
7/17/2017,Post Office,12.49,411.27,50
7/17/2017,Tylers,6.69,"1,094.99",303
7/17/2017,ETC,8.95,"1,705.59",549
7/17/2017,Passport,8.01,"1,189.32",418
7/17/2017,8:15,4.16,431.3,174
7/18/2017,Post Office,5.5,93.57,20
7/18/2017,8:15,4.74,460.36,176
7/18/2017,Tylers,6.99,"1,009.99",284
7/18/2017,ETC,10.01,"1,622.71",468
7/18/2017,Passport,7.63,"1,189.97",434
7/19/2017,8:15,4.58,353.98,140
7/19/2017,Tylers,7.31,895.8,254
7/19/2017,Passport,7.47,"1,226.56",427
7/19/2017,ETC,8.69,"1,397.91",431
7/19/2017,Post Office,22.27,423.02,22
7/20/2017,Post Office,11.95,191.11,17
7/20/2017,8:15,4.4,368.83,144
7/20/2017,Tylers,8.17,"1,171.18",324
7/20/2017,ETC,12.76,"2,847.98",855
7/20/2017,Cellar,0,0,4
7/20/2017,Passport,8.51,"1,303.29",454
7/21/2017,Tylers,7.38,"1,090.38",314
7/21/2017,8:15,4.72,353.86,143
7/21/2017,ETC,14.28,"2,804.94",842
7/21/2017,Post Office,5.06,45.58,9
7/21/2017,Passport,8.45,"1,045.15",337
7/22/2017,ETC,16.79,"1,272.19",427
7/23/2017,ETC,12.63,591.14,177
7/24/2017,8:15,5.18,345.59,135
7/24/2017,Post Office,6.09,103.25,19
7/24/2017,ETC,9.38,631.93,187
7/24/2017,Tylers,6.97,789.33,239
7/25/2017,ETC,6.01,502.91,173
7/25/2017,Passport,0,0,
7/25/2017,8:15,4.74,310.41,113
7/25/2017,Post Office,10.78,247.86,24
7/25/2017,Tylers,8.15,883.19,256
7/26/2017,Post Office,16.22,324.44,22
7/26/2017,Passport,-12.24,-11,-2
7/26/2017,Tylers,7.45,"1,022.80",292
7/26/2017,8:15,4.4,355.51,131
7/26/2017,ETC,6.77,771.18,272
7/27/2017,Cellar,0,0,
7/27/2017,ETC,8.86,776.35,239
7/27/2017,Concessions,3.92,98,31
7/27/2017,Post Office,17.08,358.75,24
7/27/2017,Tylers,7.36,878.82,256
7/27/2017,8:15,4.04,251.56,105
7/28/2017,Post Office,7.39,103.39,16
7/28/2017,ETC,9.46,806.35,239
7/28/2017,Passport,0,0,
7/28/2017,Tylers,8.66,828.74,245
7/28/2017,8:15,4.49,286.38,117
7/28/2017,Concessions,5.81,273,89
7/29/2017,Concessions,4.48,130,42
7/31/2017,Post Office,17.07,426.61,34
7/31/2017,8:15,5.86,356.19,145
7/31/2017,Passport,7.18,560.77,194
7/31/2017,ETC,7.6,434.03,126
8/1/2017,8:15,4.33,271.04,118
8/1/2017,Tylers,0,0,
8/1/2017,ETC,5.81,291.29,105
8/1/2017,Passport,7.5,648.41,226
8/1/2017,Post Office,30.28,635.88,24
8/2/2017,Post Office,10.74,204,20
8/2/2017,Passport,8,680.07,231
8/2/2017,8:15,4.43,257.09,107
8/2/2017,ETC,7.58,380.59,120
8/3/2017,Passport,6.75,597.99,208
8/3/2017,ETC,8.53,353.93,119
8/3/2017,8:15,5.44,238.17,99
8/3/2017,Post Office,25.94,363.11,15
8/4/2017,Post Office,9.74,58.41,9
8/4/2017,ETC,12.15,179.94,51
8/4/2017,8:15,4.58,107.56,39
8/4/2017,Passport,4.79,73.5,26
8/7/2017,Cellar,0,0,
8/7/2017,Passport,7.42,497.75,173
8/7/2017,ETC,5.04,250.71,78
8/7/2017,Post Office,24.22,460.21,21
8/7/2017,Tylers,6.98,574.88,175
8/8/2017,Post Office,10.57,221.99,25
8/8/2017,Passport,7.7,674.06,220
8/8/2017,Cellar,0,0,
8/8/2017,Tylers,7.02,602.54,177
8/8/2017,ETC,5.09,284.9,90
8/9/2017,ETC,4.72,235.4,111
8/9/2017,Passport,6.47,484.3,176
8/9/2017,Tylers,6.43,516.59,166
8/9/2017,Post Office,21.64,302.97,15
8/9/2017,Cellar,0,0,
8/10/2017,Post Office,14.32,157.23,13
8/10/2017,ETC,5.3,293.94,113
8/10/2017,Passport,6.95,536.78,193
8/10/2017,Tylers,6.66,605.82,187
8/10/2017,Cellar,0,0,2
8/10/2017,Dean's Den,0,0,
8/11/2017,Post Office,18.27,383.37,25
8/11/2017,Tylers,6.88,513.7,157
8/11/2017,Cellar,0.01,0.02,2
8/11/2017,Passport,7.63,549.96,210
8/11/2017,ETC,9.97,472.7,185
8/14/2017,Passport,7.67,457.16,149
8/14/2017,8:15,4.45,221.5,83
8/14/2017,Tylers,7.63,617.74,187
8/14/2017,Cellar,0.02,0.01,1
8/14/2017,Post Office,15.83,379.44,32
8/14/2017,ETC,4.14,201.96,85
8/15/2017,Post Office,18.46,276.91,16
8/15/2017,Passport,6.22,347.59,117
8/15/2017,Tylers,6.69,455.65,137
8/15/2017,ETC,4.99,231.93,83
8/15/2017,8:15,3.46,183.83,73
8/15/2017,Cellar,0,0,
8/16/2017,ETC,8.76,579.03,157
8/16/2017,Passport,6.93,721.37,255
8/16/2017,Cellar,0,0,0
8/16/2017,Lou's,0,0,0
8/16/2017,Post Office,13.39,240.57,23
8/16/2017,8:15,5.38,243.78,90
8/17/2017,Post Office,30.26,453.84,17
8/17/2017,Tylers,6.94,715.29,209
8/17/2017,8:15,4.28,224.6,87
8/17/2017,Cellar,0.02,0.22,9
8/17/2017,ETC,5.99,341.18,104
8/17/2017,Passport,6.5,501.47,163
8/18/2017,Cellar,0,0,
8/18/2017,Concessions,6.18,136,43
8/18/2017,Passport,7.14,795.96,268
8/18/2017,ETC,8.7,493,162
8/18/2017,Post Office,36.54,328.89,9
8/18/2017,Tylers,7.03,529.79,163
8/18/2017,8:15,4.58,194.38,72
8/20/2017,ETC,6.24,567.55,200
8/20/2017,Tylers,8.3,710.65,206
8/20/2017,Concessions,8.08,913,283
8/21/2017,Post Office,17.01,493.15,32
8/21/2017,Lou's,0,0,
8/21/2017,Passport,7.04,748.77,245
8/21/2017,Tylers,7.2,931.24,273
8/21/2017,8:15,3.97,391.4,159
8/21/2017,ETC,7.12,"1,261.54",390
8/22/2017,8:15,5.06,500.62,198
8/22/2017,ETC,7.96,"1,323.24",394
8/22/2017,Passport,6.1,"1,060.51",371
8/22/2017,Post Office,17.76,443.85,27
8/22/2017,Tylers,6.51,"1,008.17",287
8/22/2017,Lou's,0,0,
8/22/2017,Cellar,0,0,
8/23/2017,8:15,4.73,703.18,253
8/23/2017,Tylers,7.97,"2,262.10",660
8/23/2017,Passport,6.05,"1,118.22",375
8/23/2017,ETC,8.5,"3,088.39",884
8/23/2017,Cellar,0.01,0.01,1
8/23/2017,Lou's,0,0,
8/23/2017,Post Office,8.41,109.24,14
8/24/2017,Post Office,16.96,303.91,23
8/24/2017,Tylers,6.94,"1,670.80",503
8/24/2017,Cellar,0,0,
8/24/2017,Passport,9.52,"2,603.23",721
8/24/2017,8:15,4.02,762.06,306
8/24/2017,ETC,7.01,"3,179.57",959
8/25/2017,Passport,6.72,"1,180.98",420
8/25/2017,8:15,3.83,661.71,266
8/25/2017,Tylers,7.09,"2,117.24",573
8/25/2017,ETC,8.46,"5,365.45",1567
8/25/2017,Cellar,0,0,
8/25/2017,Lou's,0,-0.01,-1
8/25/2017,Post Office,21.11,253.34,13
8/26/2017,ETC,8.35,"6,764.96",1929
8/27/2017,ETC,8.95,"8,442.85",2398
8/27/2017,Tylers,7.9,"2,912.06",713
8/28/2017,Post Office,24.32,"1,262.92",59
8/28/2017,8:15,3.81,"2,594.94",987
8/28/2017,Tylers,7.07,"5,310.82",1331
8/28/2017,ETC,7.09,"7,473.29",2237
8/28/2017,Passport,6.85,"5,103.77",1572
8/28/2017,Cellar,0,0,3
8/28/2017,Dean's Den,6.6,435.83,158
8/28/2017,Lou's,6.06,"2,595.15",798
8/29/2017,ETC,6.9,"7,077.53",2105
8/29/2017,Cellar,0,0,12
8/29/2017,Dean's Den,5.63,343.23,123
8/29/2017,Post Office,6.66,239.45,36
8/29/2017,8:15,3.95,"3,290.82",1261
8/29/2017,Tylers,7.05,"4,973.08",1270
8/29/2017,Passport,7.26,"4,754.77",1497
8/29/2017,Lou's,6.03,"2,936.35",880
8/30/2017,Post Office,9.29,305.57,36
8/30/2017,Lou's,5.91,"2,618.56",811
8/30/2017,Tylers,7.2,"5,155.82",1311
8/30/2017,8:15,3.96,"3,398.60",1325
8/30/2017,Cellar,0,0,2
8/30/2017,Dean's Den,5.95,439.91,155
8/30/2017,ETC,6.58,"6,999.61",2230
8/30/2017,Passport,6.91,"5,471.54",1725
8/31/2017,Cellar,40.28,322.2,62
8/31/2017,ETC,6.51,"7,109.40",2248
8/31/2017,Dean's Den,5.13,358.72,130
8/31/2017,Post Office,9.31,341.41,37
8/31/2017,Tylers,7.23,"5,154.93",1331
8/31/2017,Passport,7.22,"5,259.45",1657
8/31/2017,Lou's,5.97,"2,720.64",878
8/31/2017,8:15,4.05,"3,101.08",1178
9/1/2017,Post Office,11.8,457.86,44
9/1/2017,Lou's,6.84,"1,046.41",328
9/1/2017,ETC,6.69,"5,477.86",1757
9/1/2017,8:15,3.96,"1,684.29",657
9/1/2017,Cellar,14.93,"3,501.02",830
9/1/2017,Tylers,6.91,"3,947.79",1013
9/1/2017,Passport,7.38,"4,339.18",1278
9/2/2017,Passport,6.93,721.74,215
9/2/2017,ETC,6.64,"5,717.25",1867
9/2/2017,Cellar,14.83,"4,236.69",1003
9/2/2017,8:15,4.2,"1,287.90",484
9/3/2017,8:15,4.16,"3,383.99",1225
9/3/2017,Tylers,8.37,"3,639.30",875
9/3/2017,Cellar,13.34,"3,056.23",730
9/3/2017,Dean's Den,5.84,484.62,168
9/3/2017,ETC,7.42,"7,492.84",2349
9/4/2017,Dean's Den,5.19,497.71,183
9/4/2017,Lou's,6.14,"3,526.23",1086
9/4/2017,8:15,3.86,"4,265.62",1645
9/4/2017,Tylers,7.04,"4,847.92",1197
9/4/2017,ETC,6.8,"7,900.41",2537
9/4/2017,Passport,7.19,"5,591.28",1721
9/4/2017,Cellar,15.68,"2,726.26",668
9/5/2017,Tylers,7.09,"4,802.39",1227
9/5/2017,8:15,4.02,"4,178.56",1626
9/5/2017,Cellar,16.2,"2,902.53",635
9/5/2017,ETC,6.4,"7,182.31",2399
9/5/2017,Passport,7.32,"5,542.03",1688
9/5/2017,Dean's Den,6.09,511.42,164
9/5/2017,Post Office,13.57,"1,000.44",83
9/5/2017,Lou's,5.96,"3,061.77",966
9/6/2017,Lou's,6.13,"3,566.21",1107
9/6/2017,Dean's Den,6.27,557.84,191
9/6/2017,Post Office,8.64,401.87,50
9/6/2017,Passport,6.99,"5,623.63",1726
9/6/2017,Tylers,6.93,"5,136.13",1341
9/6/2017,Cellar,14.55,"5,039.25",1098
9/6/2017,8:15,4.27,"4,073.47",1517
9/6/2017,ETC,6.59,"7,446.87",2437
9/7/2017,Passport,7.15,"5,218.67",1613
9/7/2017,Tylers,6.89,"4,469.55",1156
9/7/2017,ETC,6.1,"7,162.79",2626
9/7/2017,8:15,3.95,"3,198.81",1252
9/7/2017,Concessions,5.68,108,32
9/7/2017,Lou's,5.61,"2,662.11",853
9/7/2017,Cellar,14.37,"2,563.07",621
9/7/2017,Dean's Den,6.17,566.92,204
9/7/2017,Post Office,11.54,378.97,36
9/8/2017,Lou's,5.74,"1,287.55",414
9/8/2017,8:15,4.13,"1,744.41",663
9/8/2017,Post Office,16.36,456.62,30
9/8/2017,Cellar,13.63,"2,963.67",725
9/8/2017,ETC,6.3,"6,780.93",2248
9/8/2017,Tylers,7.1,"4,001.41",1057
9/8/2017,Passport,6.96,"4,441.17",1402
9/9/2017,ETC,6.87,"6,117.93",1864
9/9/2017,Passport,7.22,"1,176.61",406
9/9/2017,Cellar,14.47,"4,204.41",1024
9/9/2017,8:15,4.45,"1,000.26",359
9/10/2017,8:15,4.19,"3,589.48",1344
9/10/2017,Tylers,8.82,"4,187.55",1006
9/10/2017,Cellar,14.27,"3,690.58",922
9/10/2017,ETC,7.45,"8,308.62",2643
9/10/2017,Dean's Den,5.03,407.3,160
9/11/2017,ETC,6.51,"8,684.92",2798
9/11/2017,Cellar,13.88,"2,272.60",584
9/11/2017,Dean's Den,6.59,691.27,235
9/11/2017,Post Office,9.83,529,58
9/11/2017,8:15,4.03,"5,021.85",1917
9/11/2017,Tylers,7.3,"5,314.60",1375
9/11/2017,Passport,7.21,"5,759.19",1783
9/11/2017,Lou's,6.1,"3,520.51",1037
9/12/2017,Post Office,11.91,487.7,46
9/12/2017,Lou's,6.21,"3,681.12",1104
9/12/2017,Tylers,7.41,"5,493.08",1394
9/12/2017,Passport,7.17,"5,139.04",1579
9/12/2017,Cellar,17.64,"1,978.63",432
9/12/2017,8:15,4.16,"4,805.59",1804
9/12/2017,Dean's Den,6.41,755.68,263
9/12/2017,ETC,6.1,"8,193.81",2766
9/13/2017,Dean's Den,5.64,581.05,208
9/13/2017,Post Office,9.82,362.38,40
9/13/2017,Concessions,0,0,
9/13/2017,Tylers,7.14,"5,362.88",1399
9/13/2017,Passport,7.04,"6,120.95",1839
9/13/2017,Concessions,0,0,
9/13/2017,ETC,6.4,"8,305.04",2758
9/13/2017,Lou's,5.9,"3,541.30",1088
9/13/2017,Cellar,14.02,"3,908.69",925
9/13/2017,8:15,4.12,"4,809.57",1837
9/14/2017,8:15,4.25,"3,657.63",1364
9/14/2017,ETC,5.91,"7,212.35",2406
9/14/2017,Lou's,5.71,"2,917.78",975
9/14/2017,Cellar,14.73,"2,386.39",540
9/14/2017,Dean's Den,5.12,665.5,241
9/14/2017,Tylers,7.07,"4,964.06",1296
9/14/2017,Passport,7.49,"5,465.61",1671
9/14/2017,Post Office,13.68,341.77,28
9/15/2017,Lou's,6.58,"1,257.79",381
9/15/2017,Post Office,7.59,188.85,32
9/15/2017,8:15,4.53,"1,938.59",758
9/15/2017,Tylers,6.99,"4,138.86",1107
9/15/2017,ETC,5.63,"5,061.27",1729
9/15/2017,Concessions,0,0,
9/15/2017,Cellar,17.14,"3,403.69",809
9/15/2017,Passport,7.92,"4,891.74",1535
9/16/2017,8:15,5.12,"1,242.05",462
9/16/2017,Concessions,7.9,"10,093.00",2907
9/16/2017,Cellar,14.42,"2,865.01",720
9/16/2017,Passport,8.58,"1,833.03",657
9/16/2017,Concessions,7.19,"7,519.00",2196
9/16/2017,ETC,6.09,"4,136.67",1342
9/17/2017,Dean's Den,6.41,538.7,196
9/17/2017,Concessions,8.35,426,127
9/17/2017,8:15,4.19,"3,871.07",1449
9/17/2017,ETC,7.1,"6,881.01",2229
9/17/2017,Tylers,7.92,"2,747.22",690
9/17/2017,Cellar,14.07,"3,242.04",787
9/18/2017,Tylers,7.1,"5,256.97",1335
9/18/2017,Passport,7.2,"5,832.41",1725
9/18/2017,ETC,6.26,"7,743.86",2527
9/18/2017,8:15,4.04,"5,008.93",1924
9/18/2017,Cellar,14.54,"1,999.47",445
9/18/2017,Dean's Den,5.91,761.79,283
9/18/2017,Post Office,12.72,469.94,39
9/18/2017,Lou's,6.17,"3,821.93",1156
9/18/2017,Concessions,0,0,
9/18/2017,Concessions,0,0,
9/19/2017,Lou's,5.58,"3,406.91",1041
9/19/2017,Concessions,1,1,1
9/19/2017,Post Office,6.48,264.51,45
9/19/2017,Passport,7.59,"5,719.52",1594
9/19/2017,Cellar,14.38,"1,946.07",471
9/19/2017,Tylers,6.96,"4,617.77",1201
9/19/2017,Dean's Den,5.43,591.4,223
9/19/2017,ETC,6.16,"7,415.42",2389
9/19/2017,8:15,4.01,"5,071.24",1941
9/20/2017,Passport,7.73,"8,014.86",2340
9/20/2017,Tylers,7.49,"10,968.26",2824
9/20/2017,ETC,6.19,"3,114.00",1069
9/20/2017,8:15,4.23,"5,752.79",2182
9/20/2017,Lou's,6.18,"4,137.49",1260
9/20/2017,Cellar,14.84,"4,613.37",1044
9/20/2017,Dean's Den,5.82,862.01,295
9/20/2017,Post Office,1.41,8.43,8
9/21/2017,Post Office,12.03,503.83,46
9/21/2017,8:15,4.19,"4,128.19",1567
9/21/2017,Lou's,5.73,"3,181.88",956
9/21/2017,Tylers,7.4,"5,538.68",1404
9/21/2017,ETC,6.13,"7,442.79",2495
9/21/2017,Concessions,5.21,146,44
9/21/2017,Cellar,13.78,"2,815.29",715
9/21/2017,Dean's Den,5.07,816.48,286
9/21/2017,Passport,7.31,"5,651.75",1740
9/22/2017,Cellar,14.86,"1,961.07",511
9/22/2017,Concessions,0,0,
9/22/2017,ETC,5.92,"5,710.81",2009
9/22/2017,Passport,7.61,"4,862.25",1466
9/22/2017,Post Office,14.51,332.07,24
9/22/2017,Tylers,7.69,"4,881.11",1257
9/22/2017,Lou's,5.77,"1,411.47",446
9/22/2017,8:15,3.99,"1,753.43",710
9/23/2017,Concessions,8.11,"8,309.00",2331
9/23/2017,Concessions,8.5,"11,285.00",3140
9/23/2017,Cellar,13.77,"3,667.12",909
9/23/2017,8:15,4.3,"1,267.24",471
9/23/2017,Passport,7.4,"1,207.06",381
9/23/2017,ETC,6.68,"4,883.19",1500
9/24/2017,Cellar,14.73,"3,250.72",754
9/24/2017,Dean's Den,5.55,721.98,256
9/24/2017,ETC,6.71,"7,145.24",2320
9/24/2017,Tylers,8.06,"3,388.02",829
9/24/2017,8:15,4.16,"4,692.44",1798
9/25/2017,Post Office,7.94,316,39
9/25/2017,Tylers,7.26,"5,189.93",1302
9/25/2017,Lou's,5.96,"3,393.66",994
9/25/2017,Cellar,14.27,"2,052.55",484
9/25/2017,Passport,7.26,"5,803.98",1894
9/25/2017,ETC,6.31,"8,268.90",2801
9/25/2017,Dean's Den,6.1,988.38,375
9/25/2017,8:15,4.03,"5,798.29",2238
9/26/2017,Dean's Den,5.76,905.08,323
9/26/2017,Lou's,5.82,"3,606.59",1122
9/26/2017,Post Office,7.76,308.96,44
9/26/2017,8:15,4,"5,659.04",2188
9/26/2017,Tylers,7.33,"5,444.92",1349
9/26/2017,ETC,5.94,"7,064.19",2385
9/26/2017,Cellar,14.36,"1,639.31",372
9/26/2017,Passport,7.55,"5,577.06",1637
9/27/2017,8:15,4.06,"5,453.15",2085
9/27/2017,ETC,6.54,"8,675.68",2795
9/27/2017,Lou's,6.01,"3,829.51",1217
9/27/2017,Cellar,14.85,"3,113.75",764
9/27/2017,Dean's Den,5.39,846.04,324
9/27/2017,Tylers,7.55,"5,940.90",1474
9/27/2017,Post Office,16.07,658.69,45
9/27/2017,Passport,7.25,"5,923.13",1843
9/28/2017,Dean's Den,5.58,775.15,285
9/28/2017,Lou's,5.68,"2,622.73",841
9/28/2017,Post Office,7.01,223.28,36
9/28/2017,8:15,4.21,"4,506.99",1713
9/28/2017,Tylers,6.95,"5,552.83",1423
9/28/2017,Cellar,13.85,"3,761.97",914
9/28/2017,ETC,5.97,"8,019.90",2746
9/28/2017,Passport,7.22,"5,488.44",1713
9/29/2017,Tylers,7.29,"4,094.92",1036
9/29/2017,8:15,4.1,"1,970.56",783
9/29/2017,Passport,7.38,"4,550.22",1445
9/29/2017,Cellar,14.21,"2,786.14",680
9/29/2017,Lou's,5.83,"1,227.56",383
9/29/2017,Post Office,5.95,153.85,26
9/29/2017,ETC,6.16,"6,467.65",2190
9/30/2017,Passport,7.65,"1,425.64",479
9/30/2017,ETC,6.32,"4,917.46",1632
9/30/2017,8:15,4.36,"1,496.57",571
9/30/2017,Cellar,15.98,"3,688.65",912
10/1/2017,Tylers,8.31,"3,266.37",743
10/1/2017,ETC,6.73,"6,874.91",2274
10/1/2017,Cellar,14.04,"3,385.19",804
10/1/2017,8:15,4.1,"4,731.84",1785
10/1/2017,Dean's Den,6.42,969.4,340
10/2/2017,Post Office,102.81,"4,007.41",47
10/2/2017,Lou's,6.1,"3,907.27",1160
10/2/2017,Tylers,7.28,"5,422.07",1354
10/2/2017,Cellar,14.2,"2,403.87",658
10/2/2017,Passport,7.04,"5,936.54",1855
10/2/2017,Dean's Den,5.49,970.94,375
10/2/2017,8:15,4.08,"5,982.90",2280
10/2/2017,ETC,6.23,"8,180.63",2650
10/3/2017,Passport,7.35,"5,804.66",1715
10/3/2017,Cellar,16.54,"2,455.98",547
10/3/2017,ETC,5.88,"7,446.99",2479
10/3/2017,8:15,4.09,"6,050.77",2323
10/3/2017,Tylers,7.38,"5,535.87",1379
10/3/2017,Dean's Den,5.85,894.03,324
10/3/2017,Lou's,6.05,"3,928.12",1219
10/3/2017,Post Office,13.25,606.69,54
10/4/2017,Post Office,5.72,200.12,36
10/4/2017,8:15,4.01,"5,467.89",2128
10/4/2017,Lou's,5.87,"3,465.36",1091
10/4/2017,Cellar,12.48,"3,480.45",734
10/4/2017,ETC,6.09,"7,577.10",2503
10/4/2017,Tylers,6.89,"4,893.11",1287
10/4/2017,Passport,7.01,"6,009.63",1798
10/4/2017,Dean's Den,5.32,818.81,311
10/5/2017,ETC,6.17,"7,892.81",2639
10/5/2017,Cellar,13.32,"2,544.62",654
10/5/2017,Dean's Den,5.36,910.35,328
10/5/2017,Post Office,11.51,252.11,23
10/5/2017,Lou's,5.77,"2,963.26",933
10/5/2017,Tylers,7.07,"5,082.54",1285
10/5/2017,Passport,7.19,"5,267.88",1673
10/5/2017,Concessions,6.3,170,52
10/5/2017,8:15,4.11,"4,138.68",1576
10/6/2017,Post Office,8.49,228.03,33
10/6/2017,Tylers,7.69,"4,469.72",1134
10/6/2017,ETC,6.17,"6,704.59",2153
10/6/2017,Passport,7.45,"4,310.27",1351
10/6/2017,Cellar,13.49,"2,635.75",660
10/6/2017,8:15,4.21,"1,916.24",752
10/6/2017,Lou's,5.69,"1,331.69",409
10/7/2017,Concessions,7.44,"6,387.00",1870
10/7/2017,8:15,4.08,"1,377.97",526
10/7/2017,ETC,6.45,"5,660.12",1821
10/7/2017,Concessions,7.5,"8,079.00",2333
10/7/2017,Cellar,14.56,"3,516.34",925
10/7/2017,Passport,8.09,"1,562.42",544
10/8/2017,8:15,4.09,"4,773.92",1813
10/8/2017,Tylers,8.14,"3,240.38",749
10/8/2017,Cellar,14.27,"3,291.53",822
10/8/2017,Dean's Den,5.73,940.31,332
10/8/2017,Concessions,7.36,434,130
10/8/2017,ETC,6.77,"7,519.46",2530
10/9/2017,Lou's,6.19,"4,166.36",1283
10/9/2017,Dean's Den,6.04,"1,062.47",390
10/9/2017,Post Office,7.33,226.04,147
10/9/2017,8:15,4.15,"5,885.30",2284
10/9/2017,Tylers,7.33,"5,259.95",1301
10/9/2017,Cellar,13.51,"1,959.81",459
10/9/2017,ETC,6.14,"8,269.59",2749
10/9/2017,Passport,7.2,"5,847.34",1855
10/10/2017,8:15,4.17,"6,003.76",2316
10/10/2017,ETC,5.88,"8,013.52",2764
10/10/2017,Cellar,15.62,"2,028.84",500
10/10/2017,Lou's,5.77,"3,834.79",1222
10/10/2017,Dean's Den,5.35,"1,005.86",364
10/10/2017,Tylers,7.63,"5,644.54",1392
10/10/2017,Post Office,18.8,582.58,147
10/10/2017,Passport,7.42,"5,823.37",1784
10/11/2017,Lou's,5.76,"3,703.29",1144
10/11/2017,Dean's Den,5.35,"1,070.34",461
10/11/2017,Post Office,20.97,523.79,30
10/11/2017,Passport,7.15,"5,942.30",1842
10/11/2017,Tylers,7.29,"5,567.99",1393
10/11/2017,8:15,4.17,"5,787.98",2233
10/11/2017,Cellar,13.15,"3,276.04",767
10/11/2017,ETC,6.31,"8,685.94",2952
10/12/2017,Tylers,7.26,"4,920.06",1274
10/12/2017,Passport,7.23,"5,026.55",1602
10/12/2017,ETC,6.51,"7,773.02",2605
10/12/2017,8:15,4.25,"4,038.22",1523
10/12/2017,Cellar,14.45,"2,245.59",553
10/12/2017,Concessions,6.06,564,178
10/12/2017,Dean's Den,6.31,"1,014.90",336
10/12/2017,Lou's,5.76,"2,630.77",822
10/12/2017,Post Office,12.94,309.24,27
10/13/2017,Lou's,6.55,699.98,199
10/13/2017,Post Office,7.38,205.07,31
10/13/2017,8:15,4.68,"1,300.44",498
10/13/2017,ETC,9.29,"7,012.30",2236
10/13/2017,Passport,7.03,"3,189.44",1079
10/13/2017,Tylers,7.75,"4,344.47",1067
10/16/2017,ETC,5.52,32.08,10
10/16/2017,Tylers,8.74,"5,774.93",1473
10/16/2017,8:15,5.02,957.75,350
10/16/2017,Post Office,13.15,263.03,26
10/17/2017,Post Office,10.56,284.06,34
10/17/2017,ETC,8.14,"5,824.08",1819
10/17/2017,Tylers,8.31,"5,590.89",1406
10/17/2017,8:15,4.58,"1,973.68",753
10/18/2017,Dean's Den,6.06,926.23,345
10/18/2017,Post Office,10.8,289.88,28
10/18/2017,Lou's,6.34,"3,790.72",1208
10/18/2017,Tylers,7.2,"4,889.22",1229
10/18/2017,Cellar,15.56,"2,715.00",665
10/18/2017,Passport,7.22,"5,335.73",1705
10/18/2017,ETC,6.72,"8,504.30",2756
10/18/2017,8:15,4.01,"5,133.50",1981
10/19/2017,8:15,4.1,"3,960.13",1518
10/19/2017,Tylers,7.38,"5,027.07",1274
10/19/2017,ETC,6.04,"8,217.87",2713
10/19/2017,Passport,7.15,"5,970.83",1849
10/19/2017,Cellar,15.29,"2,588.16",654
10/19/2017,Lou's,6.36,"3,457.78",1048
10/19/2017,Dean's Den,5.37,837,296
10/19/2017,Post Office,12.9,489.17,41
10/19/2017,Concessions,0,0,
10/20/2017,Lou's,5.74,"1,340.74",421
10/20/2017,Post Office,17.26,671.85,42
10/20/2017,8:15,4.13,"1,999.59",787
10/20/2017,Tylers,7.44,"4,575.01",1122
10/20/2017,ETC,6.34,"6,570.77",2209
10/20/2017,Cellar,14,"3,875.91",954
10/20/2017,Passport,7.17,"4,318.80",1413
10/21/2017,8:15,4.59,"1,575.51",582
10/21/2017,Cellar,14.92,"4,404.20",1050
10/21/2017,ETC,6.95,"5,759.19",1829
10/21/2017,Passport,6.96,"1,709.78",598
10/22/2017,Dean's Den,6.35,927.33,317
10/22/2017,Tylers,8.12,"3,062.24",705
10/22/2017,Concessions,8.03,586,178
10/22/2017,8:15,4.16,"4,522.88",1723
10/22/2017,Cellar,15.15,"3,682.57",882
10/22/2017,ETC,6.87,"7,459.34",2877
10/23/2017,Tylers,7.12,"4,680.70",1218
10/23/2017,Passport,6.97,"5,758.35",1694
10/23/2017,ETC,6.27,"7,957.24",2648
10/23/2017,8:15,4.04,"5,361.10",2079
10/23/2017,Lou's,6.49,"3,906.00",1240
10/23/2017,Cellar,16.02,"1,839.76",457
10/23/2017,Dean's Den,5.81,765.91,281
10/23/2017,Post Office,8.21,365.69,49
10/24/2017,Lou's,5.83,"3,593.90",1163
10/24/2017,Post Office,9.32,360.55,45
10/24/2017,ETC,6.08,"7,857.68",2624
10/24/2017,Passport,7.21,"5,976.59",1835
10/24/2017,Tylers,7.13,"5,226.11",1335
10/24/2017,Cellar,15.23,"2,358.11",575
10/24/2017,8:15,4.01,"5,243.23",2031
10/24/2017,Dean's Den,5.87,868.87,322
10/25/2017,ETC,6.51,"8,598.49",2887
10/25/2017,Tylers,7.13,"5,267.53",1382
10/25/2017,Passport,7.08,"6,070.25",1835
10/25/2017,Cellar,14.18,"3,865.12",853
10/25/2017,Dean's Den,6.02,950.29,329
10/25/2017,Post Office,8.27,380.15,53
10/25/2017,8:15,4.01,"5,207.06",1994
10/25/2017,Lou's,5.86,"3,655.37",1174
10/26/2017,Post Office,8.39,275.84,35
10/26/2017,8:15,4.01,"3,694.05",1414
10/26/2017,Passport,7.31,"5,417.82",1730
10/26/2017,ETC,5.98,"7,612.94",2607
10/26/2017,Lou's,6.12,"3,119.01",956
10/26/2017,Tylers,7.17,"4,283.94",1142
10/26/2017,Dean's Den,5.74,917.64,314
10/26/2017,Cellar,16.39,"2,073.71",463
10/27/2017,Cellar,19.58,"3,208.73",729
10/27/2017,ETC,6.45,"7,126.37",2401
10/27/2017,Passport,7.32,"4,328.67",1382
10/27/2017,Post Office,16.45,507.24,32
10/27/2017,8:15,4.36,"1,805.48",689
10/27/2017,Lou's,5.72,"1,161.83",376
10/27/2017,Tylers,7.03,"3,646.72",966
10/28/2017,Concessions,7.64,"6,645.00",1868
10/28/2017,Passport,7.27,"1,043.77",339
10/28/2017,Concessions,7.34,"8,389.00",2430
10/28/2017,Cellar,14.8,"3,085.49",804
10/28/2017,8:15,4.16,"1,107.50",417
10/28/2017,ETC,6.33,"5,752.73",1921
10/29/2017,Cellar,15.05,"3,854.53",949
10/29/2017,Dean's Den,6.01,750.88,260
10/29/2017,8:15,4.12,"3,982.92",1504
10/29/2017,ETC,7.34,"7,613.95",2400
10/29/2017,Tylers,8.08,"3,044.44",742
10/30/2017,Post Office,7.41,362.82,57
10/30/2017,Lou's,6.28,"3,742.53",1148
10/30/2017,ETC,6.67,"8,980.65",2952
10/30/2017,Passport,7.07,"5,503.14",1655
10/30/2017,Tylers,7.26,"4,850.40",1221
10/30/2017,Cellar,14.24,"1,757.83",480
10/30/2017,8:15,4.1,"5,423.70",2099
10/30/2017,Dean's Den,6.91,"1,285.03",453
10/31/2017,Dean's Den,5,689.59,262
10/31/2017,Lou's,5.93,"3,276.23",999
10/31/2017,Post Office,10.31,431.7,46
10/31/2017,Tylers,7.27,"4,546.74",1171
10/31/2017,Cellar,15.04,"1,876.20",452
10/31/2017,8:15,4.01,"5,108.49",1969
10/31/2017,ETC,5.98,"7,532.86",2639
10/31/2017,Passport,7.29,"5,513.14",1722
11/1/2017,8:15,3.98,"4,905.23",1901
11/1/2017,Tylers,7.25,"4,730.60",1205
11/1/2017,ETC,5.94,"7,815.08",2596
11/1/2017,Passport,7.13,"5,868.75",1811
11/1/2017,Cellar,14.76,"3,584.11",810
11/1/2017,Dean's Den,5.76,835.69,301
11/1/2017,Lou's,6.09,"3,880.66",1226
11/1/2017,Post Office,19,586.77,33
11/2/2017,Dean's Den,6.09,"1,157.51",391
11/2/2017,Lou's,5.85,"2,983.10",1000
11/2/2017,Post Office,11.56,416.14,37
11/2/2017,8:15,4.18,"4,338.40",1662
11/2/2017,Tylers,6.81,"4,663.31",1204
11/2/2017,Cellar,15.79,"3,352.05",810
11/2/2017,ETC,6.35,"8,307.28",2865
11/2/2017,Passport,7.04,"5,656.30",1732
11/3/2017,Passport,7.36,"4,775.72",1510
11/3/2017,8:15,4,"1,923.23",758
11/3/2017,Tylers,6.84,"3,324.39",876
11/3/2017,Cellar,13.34,"3,232.40",808
11/3/2017,Lou's,5.45,"1,309.93",411
11/3/2017,Dean's Den,0,0,
11/3/2017,Post Office,11.06,285.64,32
11/3/2017,ETC,6.19,"6,508.55",2114
11/4/2017,ETC,6.75,"5,720.08",1860
11/4/2017,Concessions,8.2,730,241
11/4/2017,Passport,7.23,"1,225.74",406
11/4/2017,8:15,4.27,"1,351.47",490
11/4/2017,Cellar,14.98,"4,068.93",1074
11/4/2017,Concessions,5.84,181,60
11/5/2017,Tylers,8.52,"3,205.93",787
11/5/2017,ETC,6.96,"7,550.32",2533
11/5/2017,Cellar,14.08,"3,160.55",826
11/5/2017,Dean's Den,5.98,972.89,333
11/5/2017,8:15,4.23,"4,640.72",1769
11/6/2017,Post Office,7.5,328.89,49
11/6/2017,8:15,4.12,"5,361.61",2104
11/6/2017,Tylers,7,"4,859.83",1290
11/6/2017,Lou's,6.19,"4,017.28",1299
11/6/2017,ETC,6.31,"8,518.40",2797
11/6/2017,Passport,6.89,"5,411.50",1685
11/6/2017,Cellar,16.35,"1,967.89",475
11/6/2017,Dean's Den,6.43,"1,181.71",413
11/7/2017,Cellar,15.55,"2,573.18",604
11/7/2017,Passport,7.41,"5,503.89",1732
11/7/2017,ETC,6.21,"8,195.86",2725
11/7/2017,Dean's Den,5.51,896.93,320
11/7/2017,Post Office,16.68,565.12,36
11/7/2017,8:15,3.94,"5,143.14",2035
11/7/2017,Lou's,5.77,"3,797.88",1224
11/7/2017,Tylers,6.92,"4,673.68",1259
11/8/2017,8:15,4.1,"5,131.07",1942
11/8/2017,Post Office,14.29,354.94,26
11/8/2017,Concessions,0,0,
11/8/2017,ETC,6.48,"7,806.34",2581
11/8/2017,Passport,7.01,"5,658.79",1717
11/8/2017,Lou's,5.91,"3,995.66",1247
11/8/2017,Cellar,14.54,"3,721.37",824
11/8/2017,Tylers,7.04,"4,532.09",1227
11/8/2017,Dean's Den,5.79,937.42,344
11/9/2017,Cellar,13.41,"2,338.60",568
11/9/2017,ETC,6.38,"8,024.57",2606
11/9/2017,Dean's Den,5.57,990.76,364
11/9/2017,Post Office,10.94,163.87,16
11/9/2017,Passport,6.88,"5,049.50",1612
11/9/2017,Lou's,6.13,"3,127.39",965
11/9/2017,Tylers,6.98,"4,146.81",1103
11/9/2017,8:15,4.17,"3,972.55",1513
11/10/2017,Post Office,35.18,878.28,31
11/10/2017,Concessions,8.49,"6,589.00",1813
11/10/2017,Lou's,6.72,"1,315.87",432
11/10/2017,Passport,7.45,"4,266.65",1375
11/10/2017,Tylers,7.32,"4,171.74",1110
11/10/2017,Cellar,15.02,"3,251.44",800
11/10/2017,Concessions,7.8,"7,700.00",2126
11/10/2017,ETC,6.25,"6,623.94",2241
11/10/2017,8:15,4.07,"1,786.92",688
11/11/2017,8:15,4.28,"1,203.19",443
11/11/2017,ETC,6.75,"5,066.19",1620
11/11/2017,Passport,7.61,"1,173.63",408
11/11/2017,Cellar,14.7,"3,502.63",846
11/12/2017,8:15,4.12,"4,187.57",1606
11/12/2017,Tylers,8.59,"3,079.47",732
11/12/2017,ETC,7.12,"7,523.20",2450
11/12/2017,Cellar,14.51,"2,967.63",769
11/12/2017,Dean's Den,6.76,998.67,353
11/12/2017,Passport,0,0,
11/13/2017,Lou's,6.03,"3,902.07",1204
11/13/2017,Dean's Den,6.14,"1,134.93",398
11/13/2017,Concessions,5.76,"4,075.00",1097
11/13/2017,Concessions,5.58,"2,576.00",712
11/13/2017,Post Office,13.34,478.09,50
11/13/2017,Tylers,6.65,"4,457.08",1176
11/13/2017,Cellar,15.41,"2,012.40",526
11/13/2017,8:15,4.04,"5,264.34",2051
11/13/2017,Passport,7.04,"5,507.92",1659
11/13/2017,ETC,6.83,"8,736.26",2881
11/14/2017,8:15,4,"5,119.71",2005
11/14/2017,Tylers,6.77,"4,627.73",1234
11/14/2017,Cellar,14.91,"2,645.99",643
11/14/2017,Passport,7.39,"5,590.83",1663
11/14/2017,ETC,6.27,"7,976.69",2641
11/14/2017,Lou's,5.84,"3,427.09",1088
11/14/2017,Dean's Den,5.69,857.61,311
11/14/2017,Post Office,18.87,490.7,27
11/15/2017,Lou's,5.75,"3,925.34",1238
11/15/2017,Dean's Den,6.03,855.93,311
11/15/2017,Post Office,13.5,337.44,30
11/15/2017,Concessions,7.05,832,272
11/15/2017,Tylers,6.81,"4,607.48",1193
11/15/2017,Concessions,6.36,782,259
11/15/2017,Cellar,13.19,"2,967.95",696
11/15/2017,8:15,4.07,"4,788.86",1835
11/15/2017,ETC,6.44,"8,092.34",2684
11/15/2017,Passport,7.01,"5,817.03",1820
11/16/2017,ETC,6.43,"8,026.10",2682
11/16/2017,Passport,7.15,"4,929.36",1504
11/16/2017,8:15,4.15,"3,941.54",1495
11/16/2017,Tylers,6.97,"4,308.76",1131
11/16/2017,Cellar,14.39,"2,631.91",639
11/16/2017,Dean's Den,5.22,897.09,329
11/16/2017,Lou's,6.1,"3,016.40",948
11/16/2017,Post Office,22.08,572.78,30
11/17/2017,Lou's,6,"1,312.54",415
11/17/2017,Post Office,11.63,266.17,27
11/17/2017,8:15,4.23,"1,884.33",727
11/17/2017,Passport,7.08,"4,094.60",1325
11/17/2017,Tylers,7.3,"3,593.89",990
11/17/2017,ETC,6.35,"6,561.59",2143
11/17/2017,Cellar,15.78,"2,986.46",754
11/18/2017,Concessions,7.26,"7,680.00",2312
11/18/2017,Cellar,15.16,"3,686.23",892
11/18/2017,ETC,6.91,"5,699.39",1858
11/18/2017,Concessions,6.89,"5,950.00",1794
11/18/2017,8:15,4.08,"1,299.85",498
11/18/2017,Passport,7.05,914.8,334
11/19/2017,8:15,4.12,"3,487.60",1317
11/19/2017,Tylers,7.85,"2,323.45",586
11/19/2017,ETC,6.74,"6,805.09",2256
11/19/2017,Cellar,15.38,"3,128.60",792
11/19/2017,Dean's Den,5.74,991.71,355
11/20/2017,Cellar,14.46,"2,051.70",483
11/20/2017,ETC,6.77,"7,790.59",2563
11/20/2017,Passport,6.8,"4,696.70",1597
11/20/2017,Dean's Den,5.89,862.91,324
11/20/2017,Post Office,30.66,"1,101.92",45
11/20/2017,Lou's,6.28,"3,018.18",938
11/20/2017,8:15,4.28,"3,802.34",1418
11/20/2017,Tylers,6.81,"3,387.82",897
11/21/2017,Post Office,14.82,369.21,30
11/21/2017,Passport,6.89,"3,252.77",1128
11/21/2017,ETC,7.68,"3,993.12",1288
11/21/2017,8:15,4.16,"1,605.59",618
11/21/2017,Lou's,5.53,"1,278.93",398
11/21/2017,Tylers,7.48,"4,134.69",1111
11/22/2017,Post Office,7.17,14.33,2
11/22/2017,Tylers,7.63,923.05,265
11/25/2017,Concessions,8.71,"8,451.00",2344
11/25/2017,Concessions,8.62,"8,676.00",2439
11/26/2017,Passport,0,0,
11/26/2017,ETC,7.83,"4,905.51",1532
11/27/2017,Tylers,7,"3,850.23",990
11/27/2017,ETC,6.8,"8,554.38",2730
11/27/2017,Passport,6.84,"4,923.87",1581
11/27/2017,8:15,3.94,"4,647.70",1835
11/27/2017,Cellar,14.93,"1,531.80",431
11/27/2017,Dean's Den,6.24,969.97,361
11/27/2017,Lou's,6.11,"3,792.05",1206
11/27/2017,Post Office,15.12,876.07,72
11/28/2017,Lou's,5.86,"3,664.49",1210
11/28/2017,Post Office,10.21,305.33,34
11/28/2017,Cellar,16.03,"1,858.31",418
11/28/2017,Tylers,7.29,"4,906.42",1274
11/28/2017,ETC,6.34,"8,263.46",2755
11/28/2017,8:15,4.04,"5,318.61",2092
11/28/2017,Dean's Den,6.16,756.16,262
11/28/2017,Passport,7.18,"5,129.46",1627
11/29/2017,ETC,6.33,"7,573.36",2480
11/29/2017,Passport,6.78,"5,724.18",1779
11/29/2017,Concessions,6.47,"3,282.00",951
11/29/2017,Cellar,14.11,"4,522.47",922
11/29/2017,Dean's Den,6.29,884.06,318
11/29/2017,Post Office,19.62,490.45,27
11/29/2017,Lou's,6.03,"3,767.98",1191
11/29/2017,Tylers,7,"4,336.25",1120
11/29/2017,8:15,4.11,"5,082.38",1959
11/29/2017,Concessions,6.75,"3,341.00",961
11/30/2017,Post Office,13.08,391.63,31
11/30/2017,8:15,4.01,"4,005.22",1566
11/30/2017,Tylers,7.11,"4,151.31",1097
11/30/2017,Passport,7.1,"5,408.29",1676
11/30/2017,Cellar,16.79,"3,011.29",748
11/30/2017,ETC,6.62,"8,450.92",2811
11/30/2017,Dean's Den,5.14,738.5,266
11/30/2017,Lou's,5.8,"3,181.32",1029
12/1/2017,Concessions,5.3,302,102
12/1/2017,Cellar,15.47,"2,562.75",631
12/1/2017,ETC,6.69,"7,259.73",2356
12/1/2017,Post Office,14.04,546.14,44
12/1/2017,Dean's Den,3.98,3.98,2
12/1/2017,8:15,4.17,"1,966.39",767
12/1/2017,Concessions,6.44,206,68
12/1/2017,Passport,7.25,"4,349.33",1438
12/1/2017,Lou's,6.35,"1,212.23",382
12/1/2017,Tylers,7.07,"3,118.33",826
12/2/2017,Passport,7.16,"1,046.69",373
12/2/2017,8:15,4.21,"1,794.44",693
12/2/2017,ETC,7.06,"5,698.93",1833
12/2/2017,Cellar,14.21,"3,548.71",926
12/3/2017,Cellar,15.23,"2,637.25",698
12/3/2017,Dean's Den,6.18,893.91,328
12/3/2017,Passport,0,0,
12/3/2017,ETC,6.68,"6,891.34",2336
12/3/2017,8:15,4.19,"4,796.18",1835
12/3/2017,Tylers,8.36,"3,488.26",841
12/4/2017,Post Office,18.67,"1,192.02",74
12/4/2017,8:15,4.01,"5,110.01",2041
12/4/2017,ETC,6.6,"7,682.53",2509
12/4/2017,Passport,7.1,"5,272.42",1668
12/4/2017,Lou's,5.67,"3,585.98",1143
12/4/2017,Cellar,18.65,"2,312.24",554
12/4/2017,Dean's Den,5.34,911.46,332
12/4/2017,Tylers,7.24,"4,027.48",1027
12/5/2017,Dean's Den,5.12,805.63,318
12/5/2017,Lou's,5.84,"3,442.92",1099
12/5/2017,Post Office,16.7,750.1,59
12/5/2017,8:15,4.17,"5,438.52",2093
12/5/2017,Tylers,6.78,"4,187.68",1106
12/5/2017,ETC,5.82,"6,805.84",2329
12/5/2017,Passport,7.25,"4,729.64",1499
12/5/2017,Cellar,14.93,"1,737.09",408
12/6/2017,Concessions,5.97,388,126
12/6/2017,Tylers,6.71,"3,758.80",1000
12/6/2017,8:15,4.08,"5,133.37",1954
12/6/2017,Cellar,15.04,"2,832.50",659
12/6/2017,Passport,6.85,"5,281.14",1633
12/6/2017,Lou's,6.06,"3,538.48",1154
12/6/2017,Dean's Den,5.7,779.07,269
12/6/2017,Concessions,7.73,232,76
12/6/2017,Post Office,16.82,588.39,48
12/6/2017,ETC,6.54,"7,265.94",2351
12/7/2017,Lou's,5.61,"2,772.41",927
12/7/2017,8:15,4.08,"3,944.18",1552
12/7/2017,Tylers,7.05,"3,711.21",982
12/7/2017,Passport,6.86,"4,848.46",1519
12/7/2017,Dean's Den,6.25,989.5,334
12/7/2017,ETC,6.62,"7,455.12",2407
12/7/2017,Post Office,14.2,494.2,43
12/7/2017,Cellar,17.51,"3,168.27",770
12/8/2017,Tylers,6.83,"2,735.98",716
12/8/2017,Passport,6.95,"3,749.10",1240
12/8/2017,8:15,4.11,"2,111.98",826
12/8/2017,Cellar,15.19,"3,180.78",802
12/8/2017,ETC,7.79,"7,899.95",2468
12/8/2017,Lou's,6.39,"1,373.04",437
12/8/2017,Post Office,33.99,985.31,34
12/9/2017,Cellar,17.17,"3,557.60",952
12/9/2017,Passport,7.54,"1,482.14",511
12/9/2017,ETC,7.25,"6,677.51",2174
12/9/2017,8:15,4.48,"2,694.28",1039
12/10/2017,Tylers,8.42,"2,184.96",512
12/10/2017,ETC,6.8,"7,017.87",2299
12/10/2017,Concessions,5.71,"3,943.00",1568
12/10/2017,Cellar,19.79,"1,562.16",393
12/10/2017,8:15,4.28,"4,736.28",1832
12/10/2017,Concessions,5.99,"4,107.00",1534
12/10/2017,Dean's Den,5.97,474.06,182
12/11/2017,Post Office,20.2,"1,291.69",80
12/11/2017,8:15,4.07,"5,028.66",2012
12/11/2017,Lou's,6.62,"2,548.33",842
12/11/2017,Tylers,6.89,"3,084.02",822
12/11/2017,ETC,6.08,"6,791.16",2309
12/11/2017,Cellar,12.28,"1,028.34",302
12/11/2017,Dean's Den,6.1,838.96,302
12/11/2017,Passport,7.56,"4,078.02",1384
12/12/2017,Cellar,16.07,"1,035.22",261
12/12/2017,Dean's Den,5.41,596.93,206
12/12/2017,ETC,7.12,"6,784.65",2166
12/12/2017,Passport,6.66,"3,113.95",1095
12/12/2017,Post Office,17.76,940.45,78
12/12/2017,Tylers,6.9,"2,791.06",754
12/12/2017,Lou's,5.95,"2,042.80",660
12/12/2017,8:15,4.18,"4,189.49",1612
12/13/2017,Post Office,15.89,905.43,64
12/13/2017,Tylers,6.82,"2,750.23",731
12/13/2017,8:15,4.02,"4,491.61",1811
12/13/2017,Passport,7.41,"3,114.64",1072
12/13/2017,Cellar,14.49,860.47,267
12/13/2017,ETC,6.22,"6,143.98",2087
12/13/2017,Dean's Den,5.27,518.93,199
12/13/2017,Lou's,6.35,"1,962.46",653
12/14/2017,ETC,6.51,"6,720.83",2199
12/14/2017,Post Office,17.77,905.63,66
12/14/2017,Lou's,5.95,"1,998.68",672
12/14/2017,8:15,4.13,"4,352.38",1787
12/14/2017,Passport,7.17,"3,047.61",1046
12/14/2017,Tylers,6.89,"3,189.53",867
12/15/2017,Post Office,20.84,"1,166.65",66
12/15/2017,Passport,7.22,"2,677.70",924
12/15/2017,ETC,7.03,"5,567.31",1816
12/15/2017,Lou's,5.71,"1,086.30",372
12/15/2017,8:15,4.06,"1,665.35",700
12/15/2017,Tylers,6.66,"2,430.90",678
12/16/2017,8:15,4.44,656.24,258
12/16/2017,Passport,8.46,618.49,221
12/16/2017,ETC,7.99,"3,314.09",1018
12/17/2017,8:15,4.24,"1,457.81",569
12/17/2017,Tylers,7.81,832.69,196
12/17/2017,ETC,8.5,"3,480.39",1193
12/18/2017,Lou's,6.14,564.93,172
12/18/2017,Post Office,22.03,"2,731.07",146
12/18/2017,8:15,4.3,"1,049.97",416
12/18/2017,Tylers,6.87,"1,250.66",350
12/18/2017,ETC,9.35,"3,837.65",1259
12/18/2017,Passport,9.37,"1,546.78",521
12/19/2017,Tylers,6.68,664.96,202
12/19/2017,Concessions,7.59,"4,768.00",1329
12/19/2017,8:15,4.98,382.62,147
12/19/2017,Passport,7.38,767.38,272
12/19/2017,Lou's,6.01,193.71,62
12/19/2017,Dean's Den,2.38,2.38,2
12/19/2017,Concessions,7.43,"4,531.00",1297
12/19/2017,Post Office,20.34,"1,464.19",84
12/19/2017,ETC,8.28,"2,145.73",727
12/20/2017,Passport,6.05,601.57,219
12/20/2017,ETC,10.27,"1,357.40",429
12/20/2017,8:15,6.04,228.34,87
12/20/2017,Tylers,6.78,605.76,186
12/20/2017,Post Office,12.92,516.61,43
12/21/2017,ETC,5.49,177.7,72
12/21/2017,Tylers,7.49,391.33,118
12/21/2017,Passport,6.78,356.2,134
12/21/2017,8:15,6.06,49.13,16
12/21/2017,Post Office,14.94,567.74,51
12/22/2017,Post Office,7.2,7.2,1
12/26/2017,Post Office,19.87,158.94,9
12/27/2017,Post Office,16.55,49.65,3
12/28/2017,Post Office,37.94,113.82,3
12/29/2017,Post Office,20.31,81.16,5
12/30/2017,Concessions,7.79,"5,643.00",1626
12/30/2017,Concessions,7.64,"5,540.00",1578
1/2/2018,ETC,5.31,83.3,34
1/2/2018,8:15,3.74,159.92,66
1/2/2018,Tylers,6.67,555.25,181
1/2/2018,Post Office,12.37,234.98,22
1/3/2018,ETC,8.54,159.83,59
1/3/2018,Concessions,6.54,157,50
1/3/2018,Post Office,15.71,267.11,20
1/3/2018,8:15,4.47,167.56,65
1/3/2018,Tylers,6.54,700.1,217
1/3/2018,Concessions,4.47,134,45
1/4/2018,Tylers,7.34,171.17,60
1/5/2018,ETC,5.86,79.4,27
1/5/2018,Tylers,7.37,617.01,187
1/5/2018,8:15,4.37,136.6,58
1/5/2018,Post Office,27.63,442.06,19
1/6/2018,Concessions,7.48,987,320
1/6/2018,Concessions,9.71,738,243
1/8/2018,8:15,5.53,297.54,111
1/8/2018,Post Office,19.05,399.58,23
1/8/2018,ETC,5.01,165.46,74
1/8/2018,Cellar,0,0,1
1/9/2018,Lou's,0,0,
1/9/2018,Post Office,140.58,"2,811.69",22
1/9/2018,8:15,4.94,306.5,119
1/9/2018,Concessions,6.8,"3,331.00",920
1/9/2018,Concessions,7.47,"3,606.00",1013
1/9/2018,ETC,5.83,308.41,108
1/10/2018,8:15,4.87,343.04,129
1/10/2018,Cellar,0,0,
1/10/2018,ETC,7.09,209.21,90
1/10/2018,Post Office,14.42,273.84,25
1/11/2018,Post Office,16.65,283.01,17
1/11/2018,8:15,4.79,273.78,104
1/11/2018,Passport,0,0,
1/11/2018,ETC,9.28,448.85,122
1/12/2018,8:15,4.85,268.25,102
1/12/2018,ETC,9.4,494.49,156
1/12/2018,Lou's,0,0,
1/12/2018,Post Office,9.38,158.34,20
1/13/2018,Concessions,7.71,"5,388.00",1557
1/13/2018,Concessions,7.53,"5,356.00",1546
1/14/2018,ETC,9.01,"6,796.92",2099
1/14/2018,Concessions,7.44,424,139
1/14/2018,Concessions,7.29,751,245
1/15/2018,Post Office,9.85,227.71,25
1/15/2018,Tylers,6.15,"3,364.45",959
1/15/2018,8:15,4.25,542.8,222
1/15/2018,ETC,8.06,"8,635.85",2610
1/15/2018,Lou's,0,0,
1/15/2018,Cellar,15.16,"2,156.98",473
1/15/2018,Dean's Den,6.91,407.71,142
1/16/2018,Cellar,15.37,"2,049.66",486
1/16/2018,ETC,7.65,"9,524.91",2885
1/16/2018,Passport,6.95,"5,031.20",1564
1/16/2018,Dean's Den,6.26,626.07,206
1/16/2018,Post Office,11.1,600.7,63
1/16/2018,8:15,3.83,"2,771.29",1111
1/16/2018,Tylers,6.81,"3,589.54",963
1/16/2018,Lou's,5.6,"3,478.38",1177
1/17/2018,Post Office,7.35,279.49,44
1/17/2018,Concessions,0,0,
1/17/2018,Tylers,6.95,"3,996.03",1094
1/17/2018,Lou's,5.79,"3,612.60",1163
1/17/2018,Cellar,13.97,"3,042.93",752
1/17/2018,Passport,7.06,"4,668.36",1415
1/17/2018,Dean's Den,6.4,749.21,261
1/17/2018,8:15,3.87,"3,059.55",1204
1/17/2018,ETC,6.95,"8,059.39",2541
1/18/2018,Cellar,17.26,"2,850.64",633
1/18/2018,Passport,7.13,"4,648.16",1385
1/18/2018,ETC,7.16,"8,535.35",2691
1/18/2018,8:15,3.93,"2,598.34",986
1/18/2018,Tylers,6.71,"4,017.69",1067
1/18/2018,Dean's Den,5.79,700.4,256
1/18/2018,Post Office,9.51,336.27,39
1/18/2018,Lou's,5.64,"2,941.42",957
1/19/2018,Post Office,26.01,"1,087.63",45
1/19/2018,Lou's,5.87,975.99,315
1/19/2018,Cellar,16.74,"4,582.57",1080
1/19/2018,ETC,7.09,"7,594.07",2339
1/19/2018,8:15,4,"1,526.09",604
1/19/2018,Tylers,7.17,"3,832.49",1020
1/19/2018,Passport,7.1,"3,997.18",1254
1/20/2018,Concessions,6.99,"5,446.00",1591
1/20/2018,Concessions,6.82,"4,592.00",1344
1/20/2018,8:15,4.15,975.98,381
1/20/2018,Cellar,15.42,"5,045.81",1163
1/20/2018,Passport,7.5,"2,013.10",741
1/20/2018,ETC,7.36,"7,026.76",2180
1/21/2018,8:15,4.22,"2,456.49",936
1/21/2018,Tylers,8.76,"2,536.66",586
1/21/2018,Concessions,6.6,601,198
1/21/2018,ETC,7.35,"7,881.01",2470
1/21/2018,Cellar,14.39,"3,574.98",860
1/21/2018,Dean's Den,6.24,891.81,333
1/21/2018,Concessions,7.44,454,150
1/22/2018,Lou's,6.06,"4,173.79",1381
1/22/2018,Dean's Den,6.22,"1,112.20",412
1/22/2018,Post Office,8.73,336.95,46
1/22/2018,Concessions,0.33,3,3
1/22/2018,8:15,3.87,"3,962.36",1572
1/22/2018,ETC,7,"10,302.52",3349
1/22/2018,Cellar,18.11,"2,303.63",533
1/22/2018,Tylers,7.49,"4,983.71",1252
1/22/2018,Passport,7.11,"5,907.87",1833
1/23/2018,Concessions,0,0,0
1/23/2018,Tylers,7.44,"5,132.91",1310
1/23/2018,8:15,4,"4,198.12",1622
1/23/2018,Cellar,12.37,"2,853.80",655
1/23/2018,ETC,6.95,"10,086.03",3410
1/23/2018,Passport,6.74,"5,732.51",1847
1/23/2018,Lou's,6,"4,042.26",1295
1/23/2018,Dean's Den,6.1,860.54,319
1/23/2018,Post Office,13.6,485.76,41
1/23/2018,Concessions,0.3,3,3
1/24/2018,Lou's,5.62,"4,216.83",1383
1/24/2018,Post Office,13.26,449.29,35
1/24/2018,ETC,7.2,"9,519.96",3139
1/24/2018,Passport,6.88,"6,004.77",1904
1/24/2018,Concessions,0,0,
1/24/2018,Concessions,5.13,318,104
1/24/2018,8:15,4.01,"4,355.64",1717
1/24/2018,Cellar,14.23,"4,961.69",1045
1/24/2018,Dean's Den,5.49,762.84,300
1/24/2018,Tylers,7.64,"4,949.11",1294
1/24/2018,Concessions,5.48,241,79
1/25/2018,Cellar,17.21,"3,749.01",888
1/25/2018,Passport,7.21,"5,715.58",1811
1/25/2018,ETC,7.01,"9,988.62",3241
1/25/2018,Tylers,7.14,"4,614.61",1182
1/25/2018,8:15,3.93,"3,308.76",1332
1/25/2018,Dean's Den,5.4,756.5,272
1/25/2018,Lou's,5.72,"3,562.37",1159
1/25/2018,Post Office,15.01,522.84,36
1/26/2018,Post Office,9.38,455.24,54
1/26/2018,8:15,4.23,"1,725.63",688
1/26/2018,Tylers,7.47,"3,850.10",981
1/26/2018,Lou's,5.64,853.42,265
1/26/2018,ETC,7.17,"8,869.65",2904
1/26/2018,Cellar,14.94,"3,440.17",860
1/26/2018,Passport,7.31,"4,835.21",1565
1/27/2018,Cellar,15.87,"4,672.05",1178
1/27/2018,Passport,7.43,"1,596.99",563
1/27/2018,ETC,7.48,"6,841.35",2186
1/27/2018,8:15,4.32,"1,224.80",463
1/28/2018,8:15,3.89,"3,640.99",1405
1/28/2018,Tylers,8.35,"3,750.91",888
1/28/2018,ETC,7.51,"8,988.14",3160
1/28/2018,Cellar,14.44,"4,073.64",1048
1/28/2018,Dean's Den,6.65,"1,017.80",374
1/29/2018,Cellar,16.41,"2,697.62",649
1/29/2018,ETC,6.84,"9,611.87",3198
1/29/2018,Dean's Den,6.42,"1,295.80",464
1/29/2018,Post Office,11.19,552.95,54
1/29/2018,Lou's,6.03,"5,035.51",1605
1/29/2018,8:15,4.1,"5,137.67",1993
1/29/2018,Passport,7.25,"6,112.84",1988
1/29/2018,Tylers,7.26,"4,561.48",1157
1/30/2018,Post Office,9.6,325.67,36
1/30/2018,Passport,7.35,"5,934.36",1856
1/30/2018,Lou's,5.98,"4,441.87",1436
1/30/2018,Tylers,7.33,"5,132.07",1341
1/30/2018,Dean's Den,6.63,"1,107.92",371
1/30/2018,Cellar,17.07,"2,989.34",709
1/30/2018,ETC,6.88,"9,965.23",3308
1/30/2018,8:15,4.08,"4,780.43",1915
1/31/2018,Dean's Den,5.88,"1,017.74",364
1/31/2018,ETC,7.12,"11,135.73",3535
1/31/2018,Passport,7.05,"6,102.31",1949
1/31/2018,Tylers,7.37,"5,092.25",1326
1/31/2018,Cellar,15.92,"4,781.65",999
1/31/2018,8:15,4.12,"4,480.54",1747
1/31/2018,Post Office,24.42,"1,170.97",54
1/31/2018,Lou's,5.94,"4,655.57",1503
2/1/2018,8:15,3.97,"3,424.21",1370
2/1/2018,Tylers,7.25,"4,335.84",1141
2/1/2018,Passport,7.11,"5,931.37",1983
2/1/2018,Cellar,15.13,"2,626.40",654
2/1/2018,ETC,7.23,"10,492.37",3435
2/1/2018,Dean's Den,5.54,986.72,348
2/1/2018,Lou's,5.69,"3,417.19",1115
2/1/2018,Post Office,13.15,377.47,35
2/2/2018,Lou's,6.1,"1,257.69",395
2/2/2018,Post Office,9.87,274.5,34
2/2/2018,Tylers,7.59,"3,771.24",1004
2/2/2018,8:15,4.16,"1,942.20",770
2/2/2018,Cellar,16.46,"4,002.13",956
2/2/2018,Passport,7.41,"4,482.75",1513
2/2/2018,ETC,7.51,"8,886.31",2785
2/3/2018,Concessions,8.07,"6,945.00",1991
2/3/2018,8:15,4.4,"1,018.09",369
2/3/2018,Cellar,14.99,"4,242.40",1063
2/3/2018,Passport,7.33,"1,297.45",467
2/3/2018,ETC,7.91,"6,545.84",1913
2/3/2018,Concessions,7.81,"7,008.00",1994
2/4/2018,Dean's Den,5.69,722.86,280
2/4/2018,Concessions,7.2,533,170
2/4/2018,Concessions,7.39,776,255
2/4/2018,8:15,4.29,"2,829.78",1111
2/4/2018,ETC,8.48,"9,512.88",2945
2/4/2018,Cellar,16.29,"3,575.45",849
2/4/2018,Tylers,7.87,"1,888.13",447
2/5/2018,ETC,6.99,"10,358.04",3339
2/5/2018,Passport,7.25,"6,111.88",1991
2/5/2018,8:15,4.07,"5,269.28",2070
2/5/2018,Tylers,7.43,"5,219.47",1302
2/5/2018,Cellar,14.78,"1,930.99",490
2/5/2018,Dean's Den,6.64,"1,315.15",451
2/5/2018,Lou's,6.11,"4,752.92",1562
2/5/2018,Post Office,9.7,481.74,55
2/6/2018,Lou's,5.58,"4,326.11",1418
2/6/2018,Concessions,0,0,
2/6/2018,8:15,4,"5,187.17",2083
2/6/2018,Post Office,7.2,300.43,43
2/6/2018,Passport,7.31,"5,894.85",1846
2/6/2018,Concessions,0,0,0
2/6/2018,Concessions,0,0,
2/6/2018,ETC,6.91,"10,626.06",3469
2/6/2018,Cellar,14.23,"2,237.27",564
2/6/2018,Dean's Den,5.75,"1,076.13",388
2/6/2018,Tylers,7.25,"4,715.78",1189
2/6/2018,Concessions,0,0,0
2/7/2018,ETC,7.33,"10,991.38",3506
2/7/2018,Cellar,15.71,"5,209.96",1171
2/7/2018,Passport,7.24,"6,255.26",2046
2/7/2018,Concessions,6.29,"7,646.00",2252
2/7/2018,Dean's Den,5.06,"1,022.48",388
2/7/2018,8:15,4.21,"5,115.20",2009
2/7/2018,Concessions,6.34,"5,989.00",1773
2/7/2018,Post Office,8.47,210.66,25
2/7/2018,Lou's,5.89,"4,723.76",1453
2/7/2018,Tylers,7.38,"5,158.40",1332
2/8/2018,Post Office,16.64,596.89,39
2/8/2018,8:15,4.08,"3,958.91",1562
2/8/2018,Tylers,7.29,"4,735.49",1222
2/8/2018,Lou's,5.65,"3,551.13",1128
2/8/2018,ETC,7.72,"10,800.95",3521
2/8/2018,Cellar,14.16,"2,610.56",643
2/8/2018,Passport,7.09,"5,674.42",1834
2/8/2018,Dean's Den,6.37,"1,165.92",418
2/9/2018,Cellar,15.69,"3,856.17",869
2/9/2018,Passport,7.63,"4,858.08",1567
2/9/2018,Post Office,13.16,589.95,49
2/9/2018,Lou's,6.11,"1,311.78",425
2/9/2018,Tylers,7.4,"4,646.03",1207
2/9/2018,ETC,7.24,"9,384.02",3065
2/9/2018,8:15,4.18,"1,840.40",734
2/10/2018,Passport,7.78,"1,653.81",562
2/10/2018,Concessions,7.41,326,96
2/10/2018,8:15,4.16,"1,237.77",471
2/10/2018,ETC,7.77,"8,034.55",2480
2/10/2018,Cellar,16.09,"4,818.74",1200
2/11/2018,Dean's Den,6.6,"1,122.52",404
2/11/2018,ETC,7.91,"10,454.49",3260
2/11/2018,Cellar,15.23,"4,011.98",986
2/11/2018,8:15,4.1,"4,054.82",1595
2/11/2018,Tylers,8.32,"3,658.48",884
2/12/2018,8:15,4.05,"5,561.93",2230
2/12/2018,Lou's,5.88,"4,471.03",1459
2/12/2018,Cellar,15.36,"1,944.59",519
2/12/2018,Passport,7.06,"5,562.81",1817
2/12/2018,Tylers,7.2,"4,794.46",1230
2/12/2018,Dean's Den,6.24,"1,042.00",386
2/12/2018,Post Office,9.05,576.18,67
2/12/2018,ETC,7.31,"11,104.72",3604
2/13/2018,Dean's Den,6.48,894,328
2/13/2018,Lou's,5.87,"4,508.65",1503
2/13/2018,8:15,4.12,"5,497.36",2136
2/13/2018,Tylers,7.25,"4,776.12",1226
2/13/2018,ETC,6.74,"10,172.29",3367
2/13/2018,Passport,7.52,"5,793.21",1836
2/13/2018,Post Office,9.27,377.42,43
2/13/2018,Cellar,15.46,"2,791.55",677
2/14/2018,8:15,4.1,"5,013.56",1945
2/14/2018,Tylers,7.16,"4,628.12",1202
2/14/2018,Cellar,16.7,"4,898.86",1122
2/14/2018,Passport,7.45,"6,311.01",1983
2/14/2018,ETC,7.42,"10,762.08",3444
2/14/2018,Lou's,5.63,"4,357.20",1451
2/14/2018,Dean's Den,5.24,875.31,315
2/14/2018,Post Office,35.53,"1,703.51",48
2/15/2018,Lou's,5.49,"3,752.36",1246
2/15/2018,Dean's Den,5.85,"1,110.77",403
2/15/2018,Post Office,10.67,287.02,29
2/15/2018,Tylers,7.08,"4,474.96",1184
2/15/2018,Cellar,15.28,"2,684.92",655
2/15/2018,8:15,3.99,"4,187.41",1675
2/15/2018,ETC,6.91,"10,498.48",3350
2/15/2018,Passport,7.27,"6,283.00",2038
2/16/2018,Passport,7.92,"5,173.68",1707
2/16/2018,8:15,4.14,"1,977.33",802
2/16/2018,ETC,7.59,"9,386.03",2918
2/16/2018,Tylers,7.39,"3,676.01",966
2/16/2018,Cellar,15.37,"4,124.22",964
2/16/2018,Post Office,10.99,273.82,29
2/16/2018,Lou's,5.98,"1,266.21",422
2/17/2018,Concessions,8.35,"7,611.00",2112
2/17/2018,ETC,7.49,"7,239.89",2217
2/17/2018,8:15,3.97,"1,407.62",557
2/17/2018,Cellar,16.65,"4,666.56",1173
2/17/2018,Concessions,7.97,"7,511.00",2079
2/17/2018,Passport,7.53,"1,463.77",508
2/17/2018,Concessions,6,"1,547.00",516
2/18/2018,ETC,7.57,"9,360.02",2967
2/18/2018,Tylers,8.47,"3,223.65",771
2/18/2018,Concessions,7.13,"1,441.00",468
2/18/2018,Cellar,15.94,"3,884.74",973
2/18/2018,Dean's Den,5.84,869.56,310
2/18/2018,8:15,4.1,"4,599.55",1799
2/18/2018,Concessions,8.06,"1,579.00",515
2/19/2018,Post Office,12.52,362.34,32
2/19/2018,8:15,4.03,"5,945.48",2344
2/19/2018,Lou's,5.77,"4,596.84",1573
2/19/2018,Passport,7.4,"6,195.41",1999
2/19/2018,Tylers,7.39,"5,233.04",1390
2/19/2018,Cellar,16.36,"2,600.59",662
2/19/2018,ETC,7.05,"10,601.68",3417
2/19/2018,Dean's Den,6.29,"1,202.12",438
2/20/2018,Concessions,6.13,515,148
2/20/2018,Cellar,15.32,"3,074.65",680
2/20/2018,ETC,6.91,"10,920.94",3555
2/20/2018,Passport,7.35,"6,937.97",2232
2/20/2018,8:15,4.08,"5,558.35",2189
2/20/2018,Dean's Den,5.32,"1,000.27",369
2/20/2018,Post Office,10.29,451.48,47
2/20/2018,Lou's,5.69,"4,594.21",1577
2/20/2018,Tylers,7.32,"5,258.45",1351
2/21/2018,Post Office,11.36,351.67,34
2/21/2018,Tylers,7.44,"5,053.07",1309
2/21/2018,8:15,3.93,"5,555.43",2255
2/21/2018,Lou's,5.7,"4,667.44",1636
2/21/2018,Concessions,6.69,261,86
2/21/2018,Passport,7,"6,914.56",2280
2/21/2018,Cellar,14.42,"4,656.75",1053
2/21/2018,Concessions,6.29,264,88
2/21/2018,ETC,6.7,"10,857.12",3526
2/21/2018,Dean's Den,5.61,"1,138.87",414
2/22/2018,Dean's Den,6.08,984.78,348
2/22/2018,Cellar,16.54,"3,613.65",901
2/22/2018,Concessions,0,0,0
2/22/2018,Post Office,7.63,235.89,34
2/22/2018,Lou's,5.33,"3,586.73",1094
2/22/2018,Passport,7.24,"6,247.90",2010
2/22/2018,Tylers,7.33,"4,790.30",1244
2/22/2018,ETC,7.3,"11,425.43",3685
2/22/2018,8:15,4.13,"4,567.82",1803
2/23/2018,Post Office,26.48,476.39,18
2/23/2018,ETC,6.93,"8,751.86",2807
2/23/2018,Passport,7.52,"4,674.17",1570
2/23/2018,8:15,4.08,"2,084.27",848
2/23/2018,Tylers,7.33,"3,394.07",887
2/23/2018,Lou's,5.68,"1,313.76",428
2/23/2018,Concessions,4.35,174,60
2/23/2018,Cellar,14.23,"3,305.18",808
2/24/2018,Concessions,6.47,582,179
2/24/2018,Concessions,8.66,"7,836.00",2148
2/24/2018,8:15,4.11,"1,099.20",427
2/24/2018,ETC,7.02,"7,424.80",2350
2/24/2018,Passport,8.08,"1,785.74",593
2/24/2018,Cellar,15.98,"4,760.75",1158
2/24/2018,Concessions,8.33,"7,641.00",2113
2/25/2018,Tylers,8.86,"4,231.75",999
2/25/2018,8:15,4.03,"4,307.79",1715
2/25/2018,Cellar,13.8,"3,695.86",959
2/25/2018,Dean's Den,6.89,"1,432.21",491
2/25/2018,Concessions,6.48,311,99
2/25/2018,ETC,7.44,"9,880.64",3117
2/26/2018,Lou's,6.16,"5,148.13",1689
2/26/2018,8:15,4.01,"5,858.72",2310
2/26/2018,Tylers,7.44,"4,727.35",1225
2/26/2018,ETC,6.83,"10,682.42",3322
2/26/2018,Dean's Den,6.46,"1,312.33",465
2/26/2018,Passport,7.38,"6,248.02",1994
2/26/2018,Post Office,15.29,716.54,49
2/26/2018,Cellar,15.89,"2,191.14",571
2/27/2018,Passport,7.25,"6,766.75",2184
2/27/2018,Concessions,6.23,380,124
2/27/2018,Tylers,7.22,"4,589.30",1224
2/27/2018,8:15,4.08,"5,795.11",2306
2/27/2018,Cellar,15.4,"2,932.75",739
2/27/2018,ETC,6.64,"10,616.67",3398
2/27/2018,Dean's Den,6.11,"1,075.04",388
2/27/2018,Lou's,5.51,"4,767.29",1626
2/27/2018,Post Office,12.9,566.31,48
2/27/2018,Concessions,6.19,421,138
2/28/2018,Lou's,5.67,"4,749.02",1577
2/28/2018,Concessions,5.97,221,72
2/28/2018,Concessions,5.55,"3,905.00",1553
2/28/2018,Post Office,8.74,268.97,37
2/28/2018,Concessions,6.07,"3,980.00",1548
2/28/2018,Dean's Den,5.71,"1,028.14",382
2/28/2018,ETC,6.77,"10,593.74",3269
2/28/2018,Tylers,7.47,"4,933.96",1295
2/28/2018,Passport,7.35,"6,520.57",2118
2/28/2018,Cellar,13.94,"4,490.81",1086
2/28/2018,8:15,3.97,"5,456.32",2203
3/1/2018,ETC,6.65,"10,481.15",3359
3/1/2018,Passport,6.97,"6,122.86",2100
3/1/2018,Tylers,7.23,"4,379.83",1158
3/1/2018,8:15,4.13,"4,306.66",1748
3/1/2018,Cellar,14.86,"2,894.99",665
3/1/2018,Dean's Den,5.97,"1,092.25",389
3/1/2018,Post Office,8.04,278.37,40
3/1/2018,Lou's,5.69,"4,074.06",1292
3/2/2018,Concessions,4.15,112,42
3/2/2018,Post Office,9.12,316.7,37
3/2/2018,Tylers,6.96,"3,627.20",958
3/2/2018,8:15,4.16,"2,036.27",816
3/2/2018,Lou's,5.81,"1,426.66",469
3/2/2018,ETC,7,"9,354.98",3019
3/2/2018,Cellar,15,"3,749.66",918
3/2/2018,Passport,7.52,"4,690.01",1548
3/3/2018,Concessions,6.6,231,67
3/3/2018,Cellar,15.46,"4,779.41",1190
3/3/2018,Passport,7.07,"1,520.97",585
3/3/2018,ETC,7.23,"7,447.56",2284
3/3/2018,8:15,4.45,"1,459.12",563
3/3/2018,Concessions,4.8,245,86
3/4/2018,Concessions,4.63,199,70
3/4/2018,8:15,4.13,"4,941.14",1904
3/4/2018,Cellar,15.29,"3,906.18",990
3/4/2018,Tylers,7.84,"3,055.96",741
3/4/2018,ETC,7.03,"9,724.99",3179
3/4/2018,Dean's Den,6.68,"1,209.10",424
3/5/2018,Cellar,14.29,"2,823.60",739
3/5/2018,ETC,6.3,"9,681.23",3203
3/5/2018,Passport,7.19,"6,321.29",2042
3/5/2018,Dean's Den,5.89,"1,100.35",405
3/5/2018,Lou's,5.91,"4,728.67",1647
3/5/2018,Post Office,12.76,521.34,44
3/5/2018,8:15,3.96,"6,134.19",2509
3/5/2018,Tylers,7.63,"5,106.46",1297
3/6/2018,Post Office,9.98,248.3,27
3/6/2018,Passport,7.26,"6,347.76",1976
3/6/2018,ETC,6.58,"9,862.14",3221
3/6/2018,Lou's,5.85,"4,710.75",1641
3/6/2018,8:15,4.03,"5,996.10",2444
3/6/2018,Tylers,7.14,"4,700.12",1239
3/6/2018,Cellar,15.85,"2,505.80",634
3/6/2018,Dean's Den,5.92,"1,023.11",362
3/7/2018,Dean's Den,5.5,984.02,382
3/7/2018,Post Office,13.72,506.33,38
3/7/2018,Passport,7.08,"6,075.26",1949
3/7/2018,Lou's,5.75,"4,938.11",1635
3/7/2018,Cellar,15.04,"4,374.99",993
3/7/2018,Tylers,7.24,"4,846.69",1249
3/7/2018,8:15,3.96,"5,947.71",2376
3/7/2018,ETC,6.76,"10,932.35",3456
3/8/2018,8:15,4.13,"4,238.46",1664
3/8/2018,Tylers,7.06,"4,322.97",1142
3/8/2018,ETC,8.07,"12,342.83",3849
3/8/2018,Passport,7.25,"5,648.21",1857
3/8/2018,Lou's,5.5,"3,424.03",1131
3/8/2018,Cellar,14.81,"3,501.19",863
3/8/2018,Post Office,54.56,"1,308.41",25
3/8/2018,Dean's Den,5.48,"1,018.69",375
3/9/2018,Lou's,5.88,724.56,219
3/9/2018,Post Office,9.02,430.39,51
3/9/2018,Tylers,6.69,"1,547.69",453
3/9/2018,8:15,4.52,"1,303.61",512
3/9/2018,ETC,10.13,"9,216.99",2762
3/9/2018,Passport,7.28,"3,238.64",1084
3/10/2018,Tylers,9.23,"2,351.41",603
3/11/2018,Tylers,9.18,"1,537.89",413
3/12/2018,ETC,8.65,265.21,74
3/12/2018,Tylers,0,0,
3/12/2018,8:15,4.28,374.05,154
3/12/2018,Post Office,6.72,67.07,11
3/13/2018,Post Office,13.31,146.29,14
3/13/2018,8:15,5.06,298.18,113
3/13/2018,ETC,12.41,519.63,160
3/14/2018,Concessions,6.17,"2,321.00",776
3/14/2018,ETC,4.18,88.87,28
3/14/2018,8:15,4.74,406.7,167
3/14/2018,Post Office,7.5,120.03,18
3/14/2018,Lou's,0,0,
3/15/2018,Post Office,15.65,328.75,22
3/15/2018,8:15,10.76,379.32,149
3/15/2018,Lou's,0,0,
3/15/2018,ETC,8.19,111.06,34
3/16/2018,Cellar,0,0,2
3/16/2018,ETC,13.11,89.05,23
3/16/2018,Post Office,10.44,291.65,30
3/16/2018,Lou's,0,0,
3/16/2018,8:15,4.8,596.66,237
3/16/2018,Concessions,4.3,129,44
3/17/2018,ETC,9.07,80.72,22
3/17/2018,Concessions,4.35,213,80
3/18/2018,Concessions,5.21,417,133
3/18/2018,Passport,0,0,
3/18/2018,ETC,9.13,"10,445.28",3023
3/18/2018,8:15,4.05,"1,235.81",478
3/19/2018,8:15,4.03,"5,377.01",2089
3/19/2018,Passport,7.14,"6,268.94",2028
3/19/2018,ETC,6.88,"11,131.79",3379
3/19/2018,Lou's,5.93,"4,460.64",1465
3/19/2018,Cellar,16.44,"2,333.12",631
3/19/2018,Tylers,8.32,"5,222.77",1208
3/19/2018,Dean's Den,6.24,"1,110.90",399
3/19/2018,Post Office,7.92,394.2,53
3/19/2018,Concessions,5.41,238,74
3/20/2018,Dean's Den,6.32,979.19,368
3/20/2018,Lou's,6.04,"4,646.54",1568
3/20/2018,Post Office,6.81,122.62,18
3/20/2018,Cellar,17.23,"2,990.94",702
3/20/2018,Tylers,7.64,"4,864.51",1173
3/20/2018,Passport,7.91,"6,219.89",1917
3/20/2018,8:15,4.11,"5,072.58",1974
3/20/2018,ETC,7.45,"11,395.77",3436
3/21/2018,Tylers,7.93,"4,982.61",1181
3/21/2018,8:15,4.15,"4,922.76",1900
3/21/2018,Passport,7.55,"6,164.81",1880
3/21/2018,ETC,7.08,"9,906.24",3109
3/21/2018,Lou's,6.04,"4,520.30",1507
3/21/2018,Dean's Den,5.76,"1,001.89",363
3/21/2018,Post Office,10.93,271.16,26
3/21/2018,Cellar,15.33,"5,111.51",1098
3/22/2018,Dean's Den,6.03,"1,067.35",380
3/22/2018,Lou's,5.74,"3,761.42",1200
3/22/2018,Post Office,11.15,466.77,49
3/22/2018,Tylers,7.44,"4,939.03",1181
3/22/2018,8:15,4.04,"3,980.25",1551
3/22/2018,Cellar,16.34,"3,466.04",838
3/22/2018,Passport,7.51,"6,309.01",2011
3/22/2018,ETC,6.46,"10,331.24",3296
3/23/2018,ETC,7.15,"9,496.73",3110
3/23/2018,8:15,4.36,"1,903.99",739
3/23/2018,Passport,7.63,"4,736.20",1557
3/23/2018,Tylers,7.78,"4,311.98",1067
3/23/2018,Cellar,16.53,"4,389.66",1061
3/23/2018,Lou's,5.71,"1,467.56",496
3/23/2018,Concessions,4.3,215,74
3/23/2018,Post Office,10.48,324.12,33
3/24/2018,Concessions,4.23,254,84
3/24/2018,ETC,7.19,"7,202.59",2244
3/24/2018,Passport,8.36,"1,575.74",537
3/24/2018,Concessions,6.94,"1,950.00",603
3/24/2018,8:15,4.25,"1,368.65",525
3/24/2018,Cellar,14.64,"4,705.35",1171
3/25/2018,ETC,7.61,"9,268.65",2880
3/25/2018,Tylers,8.87,"3,494.83",765
3/25/2018,Cellar,16.02,"3,891.35",1020
3/25/2018,Dean's Den,6.66,"1,076.86",389
3/25/2018,Concessions,5.5,132,48
3/25/2018,8:15,4.15,"4,808.65",1885
3/26/2018,Post Office,8.92,451.48,58
3/26/2018,Lou's,6.18,"5,298.88",1820
3/26/2018,Tylers,8.26,"5,509.30",1293
3/26/2018,8:15,4.06,"6,090.04",2420
3/26/2018,Cellar,16.07,"2,190.01",579
3/26/2018,Passport,7.43,"6,761.24",2137
3/26/2018,ETC,6.78,"11,147.61",3478
3/26/2018,Dean's Den,6.38,"1,088.52",370
3/27/2018,Concessions,0,0,
3/27/2018,Cellar,16.86,"2,812.50",670
3/27/2018,Passport,7.46,"6,177.41",1966
3/27/2018,ETC,6.39,"9,905.29",3140
3/27/2018,Dean's Den,6.04,"1,056.36",376
3/27/2018,Concessions,4,72,27
3/27/2018,Post Office,8.44,345.56,44
3/27/2018,Tylers,7.82,"5,363.26",1304
3/27/2018,8:15,4.02,"5,242.28",2105
3/27/2018,Lou's,5.84,"5,022.36",1685
3/28/2018,Post Office,15.12,679.87,54
3/28/2018,Lou's,6.16,"5,312.18",1827
3/28/2018,8:15,4.1,"5,174.44",2040
3/28/2018,Tylers,7.71,"5,234.49",1265
3/28/2018,ETC,6.75,"10,767.34",3392
3/28/2018,Cellar,17.28,"5,277.14",1157
3/28/2018,Passport,7.36,"7,388.52",2305
3/28/2018,Dean's Den,6.04,"1,278.76",438
3/29/2018,Dean's Den,6.11,"1,172.91",397
3/29/2018,Cellar,18.32,"3,227.47",739
3/29/2018,Post Office,12.92,630.82,58
3/29/2018,Lou's,5.69,"3,831.44",1264
3/29/2018,Passport,7.02,"6,620.85",2202
3/29/2018,ETC,6.76,"10,647.39",3293
3/29/2018,Tylers,7.89,"5,646.46",1281
3/29/2018,8:15,4.11,"4,368.22",1743
3/29/2018,Concessions,5.06,268,82
3/30/2018,Post Office,7.88,327.98,45
3/30/2018,Passport,7.57,"4,829.86",1594
3/30/2018,ETC,7.25,"9,370.57",2951
3/30/2018,Lou's,6.02,"1,265.51",447
3/30/2018,8:15,4.47,"1,966.21",778
3/30/2018,Tylers,7.53,"3,695.91",936
3/30/2018,Concessions,5.05,535,177
3/30/2018,Cellar,16.01,"3,368.53",817
3/31/2018,8:15,4.76,"1,086.49",406
3/31/2018,ETC,7.43,"6,636.94",2034
3/31/2018,Passport,7.82,"1,996.55",708
3/31/2018,Cellar,16.08,"4,136.66",1023
3/31/2018,Concessions,6.27,"1,192.00",314
4/1/2018,Tylers,9.18,"2,527.81",518
4/1/2018,8:15,4.06,"3,748.10",1492
4/1/2018,Cellar,16.61,"3,610.70",948
4/1/2018,ETC,7.65,"8,074.55",2423
4/1/2018,Dean's Den,5.75,924.61,348
4/2/2018,Lou's,6.24,"4,923.47",1667
4/2/2018,Dean's Den,6.16,"1,057.33",376
4/2/2018,Post Office,11.74,538.88,51
4/2/2018,Cellar,16.76,"2,399.74",611
4/2/2018,Tylers,7.64,"4,876.74",1217
4/2/2018,Passport,7.4,"6,317.82",2107
4/2/2018,8:15,4.06,"5,686.85",2248
4/2/2018,ETC,6.7,"10,474.66",3268
4/3/2018,Passport,7.2,"5,927.19",1855
4/3/2018,Tylers,7.48,"4,890.67",1237
4/3/2018,8:15,4.05,"5,495.17",2189
4/3/2018,ETC,6.54,"10,502.27",3347
4/3/2018,Concessions,6.04,417,134
4/3/2018,Lou's,6.07,"4,928.68",1642
4/3/2018,Dean's Den,6.28,"1,158.94",399
4/3/2018,Post Office,7.41,251.69,41
4/3/2018,Cellar,16.21,"2,156.29",519
4/4/2018,Lou's,5.9,"4,900.66",1644
4/4/2018,Post Office,7.77,263.34,35
4/4/2018,ETC,6.84,"10,569.66",3188
4/4/2018,Passport,7.12,"6,554.81",2049
4/4/2018,8:15,4.05,"5,350.55",2112
4/4/2018,Cellar,15.47,"5,014.23",1047
4/4/2018,Dean's Den,6.11,"1,079.25",373
4/4/2018,Tylers,7.64,"4,617.83",1149
4/5/2018,ETC,7.05,"10,949.53",3410
4/5/2018,Passport,7.33,"5,977.14",1904
4/5/2018,Cellar,16.51,"3,190.69",732
4/5/2018,Tylers,7.5,"4,763.38",1198
4/5/2018,Dean's Den,6.5,947.05,333
4/5/2018,Lou's,5.91,"3,865.20",1265
4/5/2018,Post Office,10.2,304.23,32
4/5/2018,8:15,4.11,"4,346.08",1725
4/6/2018,Post Office,11.16,253.92,26
4/6/2018,Concessions,6.31,574,187
4/6/2018,Tylers,7.83,"3,352.32",841
4/6/2018,8:15,4.57,"2,120.80",790
4/6/2018,ETC,7.98,"9,925.28",3044
4/6/2018,Passport,8.39,"5,726.14",1620
4/6/2018,Lou's,6.4,"1,079.52",377
4/6/2018,Cellar,16.86,"4,205.19",978
4/7/2018,Concessions,6.2,707,233
4/7/2018,ETC,8.35,"7,136.90",2127
4/7/2018,Passport,7.4,"1,269.25",446
4/7/2018,8:15,4.31,319.3,123
4/8/2018,Tylers,8.68,"3,024.16",667
4/8/2018,Concessions,6.46,336,103
4/8/2018,Cellar,16.59,"4,254.62",1123
4/8/2018,8:15,4.15,"4,507.85",1767
4/8/2018,Dean's Den,6.97,"1,195.17",421
4/8/2018,ETC,8.24,"9,367.35",2790
4/9/2018,Cellar,16.19,"2,457.53",632
4/9/2018,ETC,7.23,"10,527.04",3168
4/9/2018,Dean's Den,6.43,"1,188.16",418
4/9/2018,Post Office,9.85,490.85,56
4/9/2018,Passport,7.2,"6,130.73",2025
4/9/2018,Tylers,7.28,"4,594.39",1193
4/9/2018,8:15,4.08,"5,309.60",2134
4/9/2018,Lou's,6.46,"5,375.56",1787
4/10/2018,Post Office,7.27,412.47,115
4/10/2018,Lou's,5.99,"4,680.42",1619
4/10/2018,ETC,7.39,"11,307.02",3420
4/10/2018,Cellar,18.23,"3,180.70",791
4/10/2018,Tylers,7.62,"4,956.69",1248
4/10/2018,8:15,4.25,"5,641.84",2220
4/10/2018,Dean's Den,6.32,959.7,340
4/10/2018,Passport,7.09,"5,961.07",1915
4/10/2018,Concessions,5.65,96,31
4/11/2018,Dean's Den,6.5,932.22,320
4/11/2018,Post Office,11.28,360.04,31
4/11/2018,ETC,7.44,"11,236.49",3375
4/11/2018,Tylers,7.56,"4,475.38",1130
4/11/2018,Lou's,5.93,"5,336.01",1849
4/11/2018,8:15,4.16,"5,613.06",2216
4/11/2018,Cellar,18.3,"5,078.31",1069
4/11/2018,Passport,7.18,"6,705.92",2194
4/12/2018,8:15,4.2,"4,555.52",1805
4/12/2018,Tylers,7.29,"3,940.41",1007
4/12/2018,ETC,9.41,"14,206.95",4306
4/12/2018,Passport,7.62,"6,740.69",2144
4/12/2018,Cellar,18.13,"3,146.74",734
4/12/2018,Dean's Den,5.99,"1,249.78",446
4/12/2018,Lou's,5.8,"3,569.52",1218
4/12/2018,Post Office,6.4,293.05,51
4/13/2018,Lou's,6.21,"1,214.53",407
4/13/2018,8:15,4.35,"1,786.82",718
4/13/2018,Post Office,7.82,390.43,57
4/13/2018,Passport,7.35,"4,507.78",1468
4/13/2018,ETC,10.85,"13,023.83",3793
4/13/2018,Cellar,17.75,"2,951.32",710
4/13/2018,Tylers,7.52,"2,863.45",758
4/14/2018,Cellar,15.49,"2,919.10",748
4/14/2018,8:15,4.23,867.91,333
4/14/2018,Concessions,7.09,"1,361.00",405
4/14/2018,ETC,7.45,"5,595.62",1656
4/14/2018,Passport,7.52,"1,551.92",543
4/15/2018,Dean's Den,6.16,865.82,290
4/15/2018,Concessions,6.15,750,212
4/15/2018,Cellar,17.02,"2,948.53",800
4/15/2018,8:15,4.18,"3,553.12",1405
4/15/2018,Tylers,8.92,"1,913.48",428
4/15/2018,ETC,7.45,"7,454.65",2262
4/16/2018,Tylers,7.21,"4,260.98",1073
4/16/2018,Passport,7.31,"6,369.94",2059
4/16/2018,ETC,6.68,"9,816.99",3125
4/16/2018,8:15,4.12,"5,577.18",2230
4/16/2018,Cellar,18.59,"2,799.29",733
4/16/2018,Dean's Den,6.35,"1,152.02",386
4/16/2018,Lou's,6.21,"5,173.74",1753
4/16/2018,Post Office,8.5,797.7,117
4/17/2018,Lou's,6.02,"4,953.24",1657
4/17/2018,Post Office,11.24,"1,134.33",128
4/17/2018,8:15,4.22,"5,784.87",2335
4/17/2018,ETC,6.9,"10,136.47",3119
4/17/2018,Cellar,18.79,"2,967.22",730
4/17/2018,Passport,7.24,"6,100.91",1984
4/17/2018,Tylers,7.34,"4,321.43",1091
4/17/2018,Dean's Den,6.31,804.01,288
4/18/2018,Passport,7.53,"5,155.40",1667
4/18/2018,Cellar,19.06,"5,829.33",1154
4/18/2018,Dean's Den,6.22,"1,169.59",417
4/18/2018,Concessions,5.71,337,108
4/18/2018,Post Office,13.2,435.06,34
4/18/2018,Tylers,7.73,"4,176.22",1071
4/18/2018,ETC,7.1,"10,049.65",3107
4/18/2018,Lou's,6.09,"4,300.01",1453
4/18/2018,8:15,4.24,"5,935.33",2395
4/19/2018,Post Office,20.09,541.05,30
4/19/2018,8:15,4.36,"4,470.04",1752
4/19/2018,Tylers,7.32,"3,938.78",1012
4/19/2018,ETC,7.47,"9,949.44",3034
4/19/2018,Passport,7.43,"6,054.34",2030
4/19/2018,Lou's,5.72,"3,631.88",1205
4/19/2018,Cellar,19.06,"3,543.30",835
4/19/2018,Dean's Den,6.59,840.78,278
4/20/2018,Passport,7.68,"4,604.84",1552
4/20/2018,ETC,8.63,"9,589.15",2830
4/20/2018,Cellar,18.04,"3,246.89",734
4/20/2018,Post Office,11.19,267.15,28
4/20/2018,Concessions,5.91,260,82
4/20/2018,Tylers,7.39,"2,789.94",729
4/20/2018,Lou's,6.17,"1,104.99",347
4/20/2018,8:15,4.09,"1,825.96",738
4/20/2018,Concessions,6.88,523,154
4/21/2018,Concessions,7.93,"2,674.00",770
4/21/2018,Cellar,16.63,"4,657.07",1125
4/21/2018,ETC,8.2,"7,989.66",2419
4/21/2018,Passport,7.58,"1,907.27",681
4/21/2018,8:15,4.32,"1,358.04",539
4/21/2018,Concessions,6.26,513,164
4/22/2018,Dean's Den,5.81,965.78,363
4/22/2018,Concessions,6.08,547,168
4/22/2018,ETC,7.59,"9,438.14",2896
4/22/2018,Tylers,9.28,"2,617.88",605
4/22/2018,Cellar,16.64,"3,244.81",864
4/22/2018,8:15,4.16,"5,060.65",2021
4/22/2018,Concessions,6.46,633,189
4/23/2018,8:15,4.13,"5,721.83",2313
4/23/2018,Lou's,6.33,"5,016.27",1722
4/23/2018,Cellar,18.04,"2,854.82",699
4/23/2018,ETC,7.01,"9,662.33",3032
4/23/2018,Tylers,7.09,"3,802.65",969
4/23/2018,Dean's Den,6.95,"1,141.79",381
4/23/2018,Passport,7.34,"6,422.49",2034
4/23/2018,Post Office,58.57,"3,159.54",52
4/24/2018,Lou's,6.12,"4,356.36",1459
4/24/2018,Dean's Den,6.13,719.87,253
4/24/2018,Tylers,7.24,"3,929.41",1008
4/24/2018,Post Office,13.72,465.9,35
4/24/2018,8:15,4.23,"5,635.69",2293
4/24/2018,Cellar,21.9,"2,903.75",635
4/24/2018,Passport,7.52,"5,456.27",1800
4/24/2018,ETC,7.4,"8,758.43",2583
4/25/2018,Tylers,6.96,"3,369.84",883
4/25/2018,8:15,4.15,"5,355.81",2154
4/25/2018,Cellar,18.09,"6,069.58",1236
4/25/2018,Passport,7.53,"6,130.19",2017
4/25/2018,ETC,8.78,"11,952.85",3393
4/25/2018,Dean's Den,6.22,885.13,317
4/25/2018,Lou's,6.09,"4,317.13",1497
4/25/2018,Post Office,10,367.98,42
4/26/2018,Dean's Den,6.36,"1,012.62",346
4/26/2018,Lou's,5.64,"3,060.60",1019
4/26/2018,Passport,7.13,"5,540.97",1853
4/26/2018,Post Office,15.19,500.6,35
4/26/2018,8:15,4.23,"4,521.97",1809
4/26/2018,ETC,8.61,"11,452.63",3363
4/26/2018,Cellar,17.94,"2,904.20",732
4/26/2018,Tylers,7.04,"2,991.49",777
4/27/2018,ETC,8.4,"8,602.65",2550
4/27/2018,Passport,7.3,"4,524.46",1501
4/27/2018,8:15,4.3,"2,216.69",878
4/27/2018,Tylers,7.28,"2,617.67",678
4/27/2018,Cellar,20.58,"3,252.99",804
4/27/2018,Lou's,6.77,"1,401.10",489
4/27/2018,Concessions,4.81,149,48
4/27/2018,Post Office,12.9,372.46,30
4/28/2018,Concessions,5.91,331,105
4/28/2018,Concessions,7.75,"2,123.00",629
4/28/2018,Passport,7.61,"2,689.08",969
4/28/2018,Cellar,16.9,"3,305.92",839
4/28/2018,8:15,4.71,"2,507.31",1027
4/28/2018,ETC,8.12,"8,116.50",2453
4/29/2018,ETC,7.43,"8,785.09",2674
4/29/2018,Cellar,22.9,"2,372.87",601
4/29/2018,Dean's Den,6.55,586.05,200
4/29/2018,Concessions,6.94,340,112
4/29/2018,8:15,4.36,"5,423.51",2215
4/29/2018,Tylers,9.17,"1,704.59",392
4/30/2018,Post Office,10.29,592.44,67
4/30/2018,8:15,4.17,"5,336.65",2134
4/30/2018,Tylers,7.11,"3,185.70",811
4/30/2018,Lou's,6.76,"3,205.99",1117
4/30/2018,ETC,7.37,"9,498.55",2924
4/30/2018,Cellar,14.94,"1,234.88",375
4/30/2018,Passport,7.36,"4,511.03",1519
4/30/2018,Dean's Den,6.36,715.49,265
5/1/2018,Cellar,16.11,"1,266.16",310
5/1/2018,Passport,7.58,"4,717.73",1607
5/1/2018,Dean's Den,6.35,738.64,256
5/1/2018,Post Office,15.35,735.01,58
5/1/2018,Lou's,6.28,"2,633.93",937
5/1/2018,Tylers,7.11,"3,063.87",773
5/1/2018,ETC,8.46,"10,573.62",3055
5/1/2018,8:15,4.14,"5,456.76",2223
5/2/2018,Post Office,14.12,505.8,39
5/2/2018,Passport,7.51,"5,092.40",1631
5/2/2018,Tylers,7.37,"3,193.20",792
5/2/2018,8:15,4.15,"5,416.80",2201
5/2/2018,Lou's,6.39,"2,512.31",833
5/2/2018,ETC,9.58,"12,274.84",3532
5/2/2018,Cellar,14.82,"1,423.93",372
5/2/2018,Dean's Den,5.46,813.47,305
5/3/2018,Cellar,0,0,
5/3/2018,Dean's Den,7.39,646.9,249
5/3/2018,Post Office,38.51,"1,725.64",54
5/3/2018,ETC,13.81,"17,182.88",4492
5/3/2018,Lou's,6.29,"2,229.77",718
5/3/2018,Passport,7.3,"4,113.36",1446
5/3/2018,Concessions,6.86,"3,881.00",1183
5/3/2018,Tylers,7.06,"2,854.10",736
5/3/2018,8:15,4.19,"4,545.31",1821
5/4/2018,8:15,4.22,"2,193.51",873
5/4/2018,Post Office,27.06,"2,158.59",86
5/4/2018,Lou's,6.55,"1,058.99",321
5/4/2018,Tylers,7.4,"2,702.86",719
5/4/2018,Concessions,5.96,"1,228.00",387
5/4/2018,Dean's Den,15.44,416.44,113
5/4/2018,Passport,8.21,"3,384.39",1110
5/4/2018,ETC,16.54,"21,430.79",5818
5/5/2018,Dean's Den,17.13,701.45,182
5/5/2018,Post Office,27.78,527.15,18
5/5/2018,ETC,17.14,"14,846.22",4421
5/5/2018,Concessions,7.49,"2,682.00",805
5/5/2018,Passport,8.21,"1,702.05",623
5/6/2018,Concessions,7.02,"1,517.00",479
5/6/2018,ETC,13.72,"3,313.39",1041
5/6/2018,Dean's Den,1.54,1.54,1
5/7/2018,Post Office,14.98,359.49,26
5/7/2018,8:15,4.42,285.2,115
5/7/2018,Passport,6.93,"1,087.81",392
5/7/2018,ETC,9.02,"1,314.99",461
5/8/2018,Passport,6.9,920.32,322
5/8/2018,8:15,4.07,229.8,91
5/8/2018,ETC,9.3,"1,836.05",577
5/8/2018,Post Office,9.59,258.97,29
5/9/2018,ETC,8.71,"1,788.69",609
5/9/2018,Post Office,11.35,374.3,37
5/9/2018,8:15,5.42,337.36,126
5/9/2018,Passport,7.45,"1,019.11",348
5/10/2018,ETC,9.48,"1,910.85",632
5/10/2018,Passport,7.12,"1,219.72",435
5/10/2018,Concessions,0,0,
5/10/2018,8:15,4.36,344.65,136
5/10/2018,Post Office,16.89,589.09,41
5/10/2018,Concessions,0,0,
5/11/2018,Concessions,6.84,383,117
5/11/2018,Post Office,30.85,"1,017.85",32
5/11/2018,8:15,4.71,426.48,156
5/11/2018,Passport,7.71,"1,245.32",462
5/11/2018,ETC,9.87,"2,531.22",828
5/12/2018,ETC,14.88,"3,866.97",1170
5/12/2018,Concessions,5.02,462,150
5/13/2018,Concessions,5.18,145,47
5/13/2018,Concessions,6.7,"3,734.00",1230
5/13/2018,ETC,9.14,"2,142.32",786
5/13/2018,Concessions,6.82,"4,395.00",1447
5/14/2018,Concessions,0,0,0
5/14/2018,Post Office,33.13,925.31,80
5/14/2018,Tylers,7.75,"1,936.59",590
5/14/2018,ETC,9.94,"1,955.54",650
5/14/2018,8:15,4.94,373.28,150
5/15/2018,Post Office,16.46,378.18,27
5/15/2018,Tylers,7.67,"1,867.54",564
5/15/2018,ETC,5.94,589.52,199
5/15/2018,8:15,4.2,307.07,124
5/15/2018,Cellar,0,0,0
5/16/2018,Post Office,94.02,939.52,11
5/16/2018,8:15,4.75,297.07,123
5/16/2018,ETC,6.03,403.82,143
5/16/2018,Tylers,7.25,"1,953.32",563
5/16/2018,Cellar,0,0,0
5/17/2018,Tylers,7.16,"1,865.30",581
5/17/2018,8:15,3.45,29.47,15
5/17/2018,Cellar,0,0,
5/17/2018,ETC,6.74,691.04,223
5/17/2018,Post Office,10.15,131.87,16
5/18/2018,Post Office,8.25,98.83,14
5/18/2018,8:15,4.78,231.19,90
5/18/2018,Tylers,7.84,"1,396.90",407
5/18/2018,ETC,6.16,507.4,181
5/19/2018,Tylers,9.83,671.85,189
5/19/2018,ETC,11.94,653.37,195
5/20/2018,Tylers,7.93,693.76,185
5/20/2018,ETC,20.4,"1,591.28",412
5/21/2018,Passport,7.47,702.96,221
5/21/2018,ETC,8.62,"1,682.68",477
5/21/2018,Tylers,6.56,762.8,214
5/21/2018,8:15,4.01,250.32,100
5/21/2018,Post Office,11.87,354.75,37
5/22/2018,8:15,4.56,304.86,120
5/22/2018,Post Office,8.44,168.7,21
5/22/2018,ETC,7.44,"1,188.01",374
5/22/2018,Passport,7.67,929.29,318
5/22/2018,Tylers,6.8,824.48,233
5/23/2018,Passport,7.22,862.34,310
5/23/2018,ETC,6.3,"1,068.04",346
5/23/2018,Tylers,7.12,840.6,247
5/23/2018,8:15,3.79,291.37,121
5/23/2018,Post Office,9.23,267.7,31
5/24/2018,Post Office,14.73,191.42,14
5/24/2018,8:15,4.54,225.23,87
5/24/2018,Tylers,7.78,636.64,174
5/24/2018,Passport,7.46,807.91,267
5/24/2018,ETC,7.65,"1,093.93",352
5/25/2018,ETC,7.01,"1,113.07",344
5/25/2018,Passport,6.57,759.35,271
5/25/2018,8:15,4.19,203.68,81
5/25/2018,Post Office,9.15,100.67,12
5/25/2018,Tylers,7.13,858.75,241
5/26/2018,ETC,9.29,646.82,177
5/27/2018,ETC,7.18,459.16,131
5/28/2018,Tylers,8.17,"1,402.19",338
5/29/2018,Post Office,19.68,334.49,17
5/29/2018,8:15,4.22,342.11,136
5/29/2018,Tylers,6.54,696.52,193
5/29/2018,ETC,8.1,"1,324.48",394
5/29/2018,Passport,6.73,946.65,345
5/30/2018,8:15,4.31,290.05,113
5/30/2018,Tylers,4.9,249.05,91
5/30/2018,Passport,6.5,428.19,159
5/30/2018,ETC,6.69,858.64,284
5/30/2018,Post Office,7.28,94.58,14
5/31/2018,Passport,6.83,"1,019.85",368
5/31/2018,Tylers,7.25,861.34,249
5/31/2018,8:15,4.19,377.16,144
5/31/2018,ETC,6.89,"1,237.80",404
5/31/2018,Post Office,8.87,115.32,13
6/1/2018,Passport,6.77,"1,088.08",368
6/1/2018,ETC,6.78,"1,040.82",337
6/1/2018,Tylers,7.08,781.82,231
6/1/2018,8:15,4.69,357.27,144
6/1/2018,Post Office,13.63,163.52,13
6/2/2018,ETC,6.92,771.17,243
6/3/2018,ETC,8.58,768.05,235
6/4/2018,Post Office,10.31,267.79,30
6/4/2018,8:15,3.4,293.45,110
6/4/2018,ETC,7.26,"1,335.29",431
6/4/2018,Tylers,6.92,715.02,193
6/4/2018,Dean's Den,0,0,
6/4/2018,Passport,7.47,"1,151.13",411
6/5/2018,ETC,7.25,"1,394.57",429
6/5/2018,Passport,6.96,894.43,327
6/5/2018,Tylers,7.29,851.49,241
6/5/2018,Post Office,111.77,"2,905.91",28
6/5/2018,8:15,4.14,248.05,97
6/6/2018,Post Office,14.36,172.28,14
6/6/2018,Passport,6.87,"1,088.20",401
6/6/2018,8:15,4.22,409.57,170
6/6/2018,Tylers,6.72,863.1,250
6/6/2018,ETC,6.18,"1,082.61",327
6/7/2018,Dean's Den,0,0,0
6/7/2018,ETC,6.93,"1,293.51",410
6/7/2018,Passport,7.38,"1,094.10",379
6/7/2018,8:15,4.51,282.12,101
6/7/2018,Post Office,14.9,238.14,21
6/7/2018,Tylers,6.66,886.85,251
6/8/2018,Post Office,10.23,193.37,97
6/8/2018,8:15,4.05,230.39,93
6/8/2018,ETC,6.7,"1,702.92",568
6/8/2018,Passport,6.48,949.82,348
6/8/2018,Concessions,5.71,914,278
6/8/2018,Dean's Den,17.74,269.6,20
6/8/2018,Tylers,6.92,804.06,235
6/9/2018,Lou's,0,0,
6/9/2018,Concessions,5.33,341,107
6/9/2018,ETC,8.88,828.61,264
6/10/2018,ETC,6.8,452.64,140
6/11/2018,Post Office,8.3,157.15,20
6/11/2018,Tylers,6.87,863.88,230
6/11/2018,8:15,4.21,345.24,133
6/11/2018,Passport,7.01,"1,000.74",359
6/11/2018,ETC,7.64,"1,599.53",494
6/12/2018,Passport,7.01,"1,046.75",369
6/12/2018,8:15,4.31,381.24,159
6/12/2018,Tylers,6.85,981.18,253
6/12/2018,Post Office,12.23,428.01,38
6/12/2018,ETC,6.08,"1,268.94",405
6/13/2018,Passport,7.1,"1,342.90",464
6/13/2018,ETC,6.75,"1,228.36",420
6/13/2018,Tylers,8.05,878.77,244
6/13/2018,8:15,4.59,432.1,165
6/13/2018,Post Office,13.76,398.93,33
6/14/2018,Tylers,7.06,863.29,244
6/14/2018,Passport,7.45,"1,298.85",459
6/14/2018,ETC,6.66,"1,303.02",440
6/14/2018,Post Office,19.93,318.78,17
6/14/2018,8:15,4.14,339.02,135
6/15/2018,Post Office,12.6,365.42,32
6/15/2018,Tylers,7.43,909.04,268
6/15/2018,8:15,4.49,311.31,119
6/15/2018,ETC,7.19,"1,181.82",384
6/15/2018,Passport,7.06,"1,044.61",385
6/16/2018,ETC,9.29,850.36,268
6/17/2018,ETC,8.15,801.72,261
6/18/2018,Post Office,21.45,514.72,27
6/18/2018,Passport,7.1,"1,160.39",383
6/18/2018,ETC,5.48,"1,209.26",407
6/18/2018,8:15,4.09,325.5,134
6/18/2018,Tylers,7.26,"1,019.62",290
6/19/2018,Post Office,7.84,133.23,18
6/19/2018,Passport,7.24,"1,002.63",339
6/19/2018,ETC,6.32,"1,321.27",436
6/19/2018,8:15,4.29,374.43,146
6/19/2018,Tylers,5.89,"1,003.76",309
6/20/2018,8:15,4.66,340.81,130
6/20/2018,Post Office,14.62,175.47,12
6/20/2018,ETC,7.87,"1,337.31",423
6/20/2018,Passport,7.69,"1,051.55",357
6/20/2018,Tylers,7.42,945.52,270
6/21/2018,Tylers,7.14,988.27,273
6/21/2018,8:15,4.43,363.78,141
6/21/2018,ETC,7.74,"1,475.45",504
6/21/2018,Passport,7.05,"1,368.07",501
6/21/2018,Post Office,6.62,125.21,20
6/22/2018,Post Office,10.09,100.9,10
6/22/2018,Tylers,7.18,795.84,247
6/22/2018,Passport,7.01,"1,055.29",395
6/22/2018,8:15,4.23,214.25,84
6/22/2018,ETC,7.4,"2,051.27",697
6/23/2018,ETC,6.79,856.82,286
6/24/2018,ETC,9.16,864.01,252
6/24/2018,Concessions,12.94,207,59
6/25/2018,Passport,7.59,912.58,313
6/25/2018,ETC,7.91,"1,202.68",380
6/25/2018,8:15,5.3,327.27,147
6/25/2018,Tylers,6.91,824.1,244
6/25/2018,Post Office,5.5,115.43,21
6/26/2018,Post Office,8.92,178.33,25
6/26/2018,Tylers,6.94,"1,126.85",327
6/26/2018,8:15,4.09,289.19,114
6/26/2018,ETC,7.98,"1,743.75",529
6/26/2018,Passport,7.94,884.58,327
6/27/2018,ETC,7.49,"1,549.37",497
6/27/2018,Post Office,16.25,178.73,11
6/27/2018,Tylers,7.41,978.21,289
6/27/2018,8:15,4.4,350.06,145
6/27/2018,Passport,8.11,915.91,293
6/28/2018,Post Office,29.83,477.32,15
6/28/2018,Tylers,6.87,852.82,260
6/28/2018,8:15,4.19,290.53,118
6/28/2018,Passport,7.55,"1,144.39",429
6/28/2018,ETC,6.78,"1,205.09",400
6/29/2018,ETC,0,0,
6/29/2018,Post Office,7,125.75,18
6/29/2018,Passport,7.96,984.58,357
6/29/2018,Tylers,7.7,"1,081.96",323
6/29/2018,8:15,4.38,333.02,132
6/30/2018,ETC,9.77,894.58,266
7/1/2018,ETC,9.63,633.46,179
7/2/2018,8:15,4.23,312.95,135
7/2/2018,Tylers,5.86,902.8,285
7/2/2018,ETC,8.1,"1,754.89",565
7/2/2018,Passport,7.76,998.23,345
7/2/2018,Post Office,15.66,313,20
7/3/2018,8:15,4.23,342.42,136
7/3/2018,Post Office,38.25,650.2,17
7/3/2018,Passport,6.59,687.94,273
7/3/2018,ETC,8.25,"2,066.14",676
7/3/2018,Tylers,6.63,"1,001.31",308
7/5/2018,Post Office,14.14,226.06,17
7/5/2018,Passport,7.68,914.5,329
7/5/2018,Tylers,6.87,839.86,249
7/5/2018,8:15,4.21,329.81,135
7/5/2018,ETC,6.9,"1,514.21",513
7/6/2018,Passport,7.6,931.23,316
7/6/2018,ETC,7.95,"1,326.13",459
7/6/2018,Tylers,7.6,880,265
7/6/2018,8:15,4.68,351.25,138
7/6/2018,Post Office,7.45,111.59,18
7/7/2018,ETC,8.03,749.8,214
7/8/2018,ETC,8.49,601.42,186
7/9/2018,Post Office,6.68,139.75,24
7/9/2018,Tylers,7.79,"1,076.15",301
7/9/2018,8:15,4.64,362.27,143
7/9/2018,ETC,7.98,"1,431.51",440
7/9/2018,Passport,7.32,"1,044.33",365
7/10/2018,ETC,6.17,"1,081.42",360
7/10/2018,Post Office,13.03,194.71,15
7/10/2018,Tylers,6.98,"1,002.43",297
7/10/2018,8:15,4.35,383.54,152
7/10/2018,Passport,8.06,930.8,322
7/11/2018,Post Office,10.03,160.52,18
7/11/2018,Tylers,7.69,"1,265.76",346
7/11/2018,Passport,7.05,786.66,288
7/11/2018,8:15,4.39,396.66,160
7/11/2018,ETC,6.82,"1,235.23",403
7/12/2018,Post Office,18.38,220.53,12
7/12/2018,Passport,7.68,"1,084.39",378
7/12/2018,ETC,8.26,"1,501.85",488
7/12/2018,8:15,4.39,377.14,143
7/12/2018,Tylers,7.18,"1,075.15",301
7/13/2018,8:15,4.86,268.9,98
7/13/2018,ETC,10.12,"1,852.05",539
7/13/2018,Passport,7.05,765.37,276
7/13/2018,Tylers,8.01,"1,025.95",302
7/13/2018,Post Office,27.92,446.7,17
7/14/2018,ETC,11.91,"1,017.11",271
7/15/2018,ETC,11.4,667.83,198
7/16/2018,Post Office,15.43,370.23,24
7/16/2018,8:15,4.26,341.95,139
7/16/2018,Passport,7.54,"1,122.15",358
7/16/2018,ETC,9.19,"1,759.68",507
7/16/2018,Tylers,6.57,"1,077.95",326
7/17/2018,ETC,9.03,"1,507.12",516
7/17/2018,Passport,7.84,897.97,299
7/17/2018,8:15,4.43,264.68,115
7/17/2018,Tylers,7.75,"1,075.62",297
7/17/2018,Post Office,11.96,155.34,13
7/18/2018,Post Office,6.31,113.48,18
7/18/2018,Passport,7.92,"1,028.02",365
7/18/2018,Tylers,7.72,"1,113.24",311
7/18/2018,ETC,6.66,"1,081.86",365
7/18/2018,8:15,4.16,302.12,122
7/19/2018,ETC,5.27,"1,039.88",370
7/19/2018,Passport,7.86,"1,156.18",406
7/19/2018,Tylers,6.49,931.37,267
7/19/2018,8:15,4.47,313.15,127
7/19/2018,Post Office,9.16,137.32,15
7/20/2018,Post Office,6.48,71.16,11
7/20/2018,8:15,4.51,355.11,140
7/20/2018,Tylers,7.83,"1,079.80",325
7/20/2018,ETC,8.71,"1,642.16",537
7/20/2018,Passport,7.73,915.95,317
7/21/2018,ETC,7.71,711.53,223
7/22/2018,ETC,10.41,705.03,192
7/23/2018,Post Office,18,341.87,25
7/23/2018,ETC,8.92,"1,221.51",457
7/23/2018,8:15,5.46,399.85,154
7/23/2018,Tylers,8.08,"1,253.26",351
7/24/2018,Post Office,12.52,162.7,14
7/24/2018,Tylers,7.54,"1,225.67",353
7/24/2018,ETC,9.07,"1,179.17",340
7/24/2018,8:15,4.51,335.52,131
7/25/2018,Post Office,38.36,383.41,12
7/25/2018,8:15,5.2,396.15,150
7/25/2018,ETC,17.25,"3,181.81",854
7/25/2018,Tylers,7.97,"1,324.90",389
7/26/2018,Tylers,8.12,"1,702.56",471
7/26/2018,8:15,5.26,424.3,160
7/26/2018,ETC,21.95,"4,442.67",1129
7/26/2018,Post Office,7.54,142.6,24
7/27/2018,8:15,4.79,325.49,131
7/27/2018,Tylers,8.01,"1,204.66",345
7/27/2018,Post Office,7.91,86.99,11
7/27/2018,Concessions,0,0,0
7/27/2018,Passport,0,0,
7/27/2018,ETC,18.34,"5,547.76",1584
7/29/2018,ETC,3.13,9.16,4
7/30/2018,ETC,8.8,573.33,165
7/30/2018,Passport,8.39,637.8,198
7/30/2018,8:15,5.83,325.73,133
7/30/2018,Post Office,185.45,"2,967.19",16
7/31/2018,Post Office,13.09,170.23,14
7/31/2018,Passport,7.37,661.93,233
7/31/2018,8:15,5.45,335.13,124
7/31/2018,ETC,7.01,509.48,224
8/1/2018,ETC,15.24,"1,182.16",352
8/1/2018,Passport,8.52,860.62,300
8/1/2018,8:15,4.28,285.43,112
8/1/2018,Tylers,0,0,
8/1/2018,Post Office,18,197.76,11
8/2/2018,Post Office,18.76,262.62,24
8/2/2018,8:15,5.06,364.72,141
8/2/2018,Tylers,0,0,
8/2/2018,ETC,14.84,"1,443.03",372
8/2/2018,Passport,7.55,862.14,284
8/3/2018,ETC,15.59,574.71,161
8/3/2018,Post Office,17.38,86.89,6
8/3/2018,Passport,7,166.09,60
8/3/2018,8:15,5.17,96.12,38
8/6/2018,8:15,0,0,
8/6/2018,Tylers,6.37,656.25,207
8/6/2018,ETC,6.02,364.8,109
8/6/2018,Passport,7.43,558.7,180
8/6/2018,Post Office,59.97,"1,259.45",21
8/7/2018,Tylers,7.73,625.11,188
8/7/2018,Post Office,13.25,185.47,16
8/7/2018,Cellar,0,0,1
8/7/2018,ETC,11.11,646.23,158
8/7/2018,Passport,7.22,572.72,204
8/8/2018,Tylers,6.58,629.18,187
8/8/2018,ETC,7.49,588.65,198
8/8/2018,Cellar,0,0,
8/8/2018,Post Office,9.25,138.7,14
8/8/2018,Passport,7.01,607.81,206
8/9/2018,Post Office,23.83,405.08,17
8/9/2018,Passport,6.9,560.05,198
8/9/2018,Tylers,6.59,697.96,216
8/9/2018,ETC,6.49,396.02,156
8/10/2018,Passport,8.24,603.83,202
8/10/2018,ETC,12.49,"1,109.60",304
8/10/2018,Cellar,0,0,0
8/10/2018,Tylers,6.49,587,193
8/10/2018,Post Office,114.84,"1,377.96",15
8/13/2018,Post Office,6.42,89.87,13
8/13/2018,Tylers,7.54,536.5,165
8/13/2018,Passport,7.02,547.49,180
8/13/2018,8:15,4.43,206.55,80
8/13/2018,ETC,6.71,477.45,148
8/14/2018,ETC,5.21,349.41,112
8/14/2018,Passport,6.94,607.07,196
8/14/2018,8:15,6.6,277.9,105
8/14/2018,Tylers,0,0,
8/14/2018,Post Office,18.08,415.26,22
8/15/2018,Post Office,22.2,354.79,21
8/15/2018,Passport,7.17,648.17,240
8/15/2018,8:15,4.66,224.09,86
8/15/2018,Tylers,6.04,493.31,161
8/15/2018,ETC,5.75,436.02,141
8/16/2018,Concessions,0,0,
8/16/2018,Post Office,13.84,110.55,12
8/16/2018,Cellar,0,0,1
8/16/2018,Tylers,6.28,668.69,203
8/16/2018,ETC,5.55,548.84,175
8/16/2018,Passport,6.62,855.94,309
8/16/2018,8:15,4.62,237.31,87
8/17/2018,8:15,4.89,183.4,74
8/17/2018,ETC,6.42,427.49,149
8/17/2018,Passport,6.62,603.83,207
8/17/2018,Tylers,6.98,535.27,164
8/17/2018,Cellar,0,0,
8/17/2018,Post Office,5.95,71.39,13
8/18/2018,ETC,3.46,3.38,2
8/19/2018,Tylers,7.01,540.67,179
8/19/2018,Passport,0,0,
8/19/2018,ETC,5.38,307.99,103
8/20/2018,Post Office,37.4,860.29,22
8/20/2018,Tylers,6.62,639.87,192
8/20/2018,8:15,4.08,356.11,149
8/20/2018,Cellar,0,0,
8/20/2018,ETC,7.88,"1,375.82",345
8/20/2018,Passport,7.06,923.97,322
8/21/2018,Passport,6.81,964.52,347
8/21/2018,ETC,7.19,"1,950.32",495
8/21/2018,Tylers,6.47,774.64,239
8/21/2018,8:15,4.32,346.51,125
8/21/2018,Lou's,0,0,
8/21/2018,Post Office,14.1,225.54,16
8/22/2018,Lou's,0,0,
8/22/2018,Post Office,10.5,104.95,9
8/22/2018,Passport,7.48,"1,136.87",395
8/22/2018,ETC,9.26,"2,850.37",720
8/22/2018,8:15,4.46,347.17,136
8/22/2018,Tylers,7.44,"1,988.16",595
8/23/2018,ETC,7.72,"3,931.42",1104
8/23/2018,Passport,8.69,"2,056.48",664
8/23/2018,Tylers,8.4,"1,721.89",498
8/23/2018,Cellar,0,0,
8/23/2018,Lou's,0,0,
8/23/2018,Post Office,12.17,158.13,13
8/23/2018,8:15,4.25,614.76,252
8/24/2018,Post Office,14.82,221.79,16
8/24/2018,8:15,4.76,563.6,222
8/24/2018,ETC,7.59,"3,949.33",1098
8/24/2018,Passport,7.04,"1,276.20",454
8/24/2018,Lou's,0,0,
8/24/2018,Tylers,6.99,"1,243.60",335
8/25/2018,ETC,8.79,"7,211.67",1950
8/25/2018,8:15,0,0,
8/26/2018,Tylers,8.29,"2,398.53",561
8/26/2018,ETC,9.74,"9,800.32",2603
8/27/2018,Cellar,0,0,5
8/27/2018,Dean's Den,5.45,239.64,87
8/27/2018,ETC,7.89,"9,656.66",2800
8/27/2018,Passport,7.02,"4,587.76",1567
8/27/2018,8:15,4.06,"2,455.62",928
8/27/2018,Tylers,7.56,"4,789.71",1112
8/27/2018,Lou's,6.08,"2,968.06",954
8/27/2018,Post Office,9.03,340.08,43
8/28/2018,Post Office,8.29,305.54,37
8/28/2018,ETC,7.03,"7,741.27",2288
8/28/2018,Passport,7.14,"4,896.22",1600
8/28/2018,Lou's,6.07,"2,938.64",971
8/28/2018,8:15,3.82,"2,690.47",1065
8/28/2018,Cellar,0,0,
8/28/2018,Dean's Den,6.47,355.88,124
8/28/2018,Tylers,7.82,"5,467.26",1277
8/29/2018,Dean's Den,5.75,356.19,128
8/29/2018,Lou's,6.24,"3,181.90",996
8/29/2018,Post Office,9.18,273.94,30
8/29/2018,Concessions,0,0,
8/29/2018,Tylers,7.57,"5,443.22",1327
8/29/2018,Cellar,0,24.02,
8/29/2018,ETC,6.45,"7,360.34",2534
8/29/2018,8:15,4.24,"3,357.16",1284
8/29/2018,Passport,6.98,"5,038.26",1695
8/30/2018,8:15,3.89,"2,768.19",1086
8/30/2018,Tylers,7.79,"5,001.67",1211
8/30/2018,Concessions,6.5,26,7
8/30/2018,Cellar,34.24,376.66,57
8/30/2018,Passport,7.12,"4,861.95",1578
8/30/2018,ETC,6.85,"7,228.31",2126
8/30/2018,Lou's,5.73,"2,313.06",752
8/30/2018,Dean's Den,6.02,421.38,142
8/30/2018,Post Office,11.69,381.58,36
8/31/2018,Lou's,6.09,961.15,310
8/31/2018,Post Office,12.68,465.24,38
8/31/2018,8:15,4.21,"1,459.23",571
8/31/2018,Tylers,7.8,"4,098.23",966
8/31/2018,Cellar,13.54,"3,259.96",807
8/31/2018,Concessions,5.56,100,31
8/31/2018,ETC,6.85,"6,989.06",2101
8/31/2018,Passport,7.38,"4,044.11",1364
9/1/2018,Passport,8.76,"1,235.93",389
9/1/2018,8:15,4.17,"1,051.79",403
9/1/2018,Cellar,12.92,"4,301.69",1095
9/1/2018,ETC,7.87,"5,895.98",1612
9/2/2018,ETC,8.02,"8,110.51",2390
9/2/2018,Tylers,8.78,"2,796.03",572
9/2/2018,8:15,3.99,"3,036.16",1163
9/2/2018,Cellar,12.92,"3,680.79",901
9/2/2018,Dean's Den,5.8,382.63,119
9/3/2018,Passport,7.04,"4,914.85",1609
9/3/2018,Cellar,13.7,"2,786.41",710
9/3/2018,Tylers,7.96,"4,714.92",1081
9/3/2018,ETC,7.29,"9,052.11",2698
9/3/2018,Dean's Den,6.11,439.82,153
9/3/2018,Lou's,6.1,"3,092.87",1054
9/3/2018,8:15,4,"3,552.91",1347
9/4/2018,Post Office,7.12,345.31,51
9/4/2018,Tylers,7.67,"5,003.16",1147
9/4/2018,8:15,4.11,"3,879.46",1455
9/4/2018,ETC,6.59,"7,468.21",2260
9/4/2018,Lou's,6.09,"3,406.59",1141
9/4/2018,Passport,7.1,"5,124.21",1659
9/4/2018,Cellar,15.01,"2,600.90",644
9/4/2018,Dean's Den,5.95,701.56,223
9/5/2018,Cellar,13.76,"4,728.74",1012
9/5/2018,Passport,6.85,"5,153.09",1617
9/5/2018,Concessions,0,0,
9/5/2018,ETC,6.57,"8,042.00",2383
9/5/2018,Dean's Den,5.72,543.05,189
9/5/2018,Post Office,9.56,474.99,58
9/5/2018,8:15,4,"3,451.00",1337
9/5/2018,Lou's,5.98,"3,552.28",1136
9/5/2018,Tylers,7.89,"5,046.12",1173
9/6/2018,8:15,4.23,"3,168.99",1192
9/6/2018,Post Office,8.12,281.52,36
9/6/2018,ETC,6.9,"8,263.74",2555
9/6/2018,Passport,6.79,"4,878.85",1641
9/6/2018,Lou's,6.02,"2,531.36",799
9/6/2018,Cellar,15.65,"2,636.57",636
9/6/2018,Tylers,7.66,"4,727.27",1103
9/6/2018,Dean's Den,5.93,503.77,167
9/7/2018,Cellar,14.75,"2,988.13",717
9/7/2018,ETC,6.56,"5,627.82",1773
9/7/2018,Post Office,11.1,342.66,30
9/7/2018,Passport,7.4,"3,850.23",1341
9/7/2018,Lou's,6.57,"1,118.20",345
9/7/2018,Tylers,8.03,"5,001.51",1150
9/7/2018,8:15,4.18,"1,569.68",587
9/8/2018,Concessions,8.29,"8,170.00",2226
9/8/2018,Cellar,13.76,"4,435.02",1066
9/8/2018,Passport,7.48,"1,094.72",342
9/8/2018,Concessions,7.38,"5,619.00",1577
9/8/2018,ETC,7.36,"6,770.87",2095
9/8/2018,8:15,4.32,"1,112.27",397
9/9/2018,Dean's Den,6.03,597.35,205
9/9/2018,8:15,4.16,"3,164.62",1156
9/9/2018,ETC,7.32,"8,769.48",2691
9/9/2018,Tylers,8.78,"3,134.43",654
9/9/2018,Lou's,0,0,
9/9/2018,Cellar,13.97,"3,992.60",887
9/10/2018,Tylers,7.82,"5,174.11",1204
9/10/2018,8:15,4.12,"4,088.61",1525
9/10/2018,ETC,7.74,"10,492.92",3057
9/10/2018,Cellar,13.92,"2,067.89",532
9/10/2018,Passport,7.16,"4,962.63",1656
9/10/2018,Dean's Den,7.17,723.97,242
9/10/2018,Lou's,6.05,"3,528.33",1157
9/10/2018,Post Office,18.48,959.35,54
9/10/2018,Concessions,0,0,
9/11/2018,Lou's,6.35,"3,440.51",1095
9/11/2018,Dean's Den,7.39,731.05,253
9/11/2018,Post Office,10.3,234.75,23
9/11/2018,Tylers,7.49,"5,199.95",1238
9/11/2018,Cellar,17.07,"2,632.41",548
9/11/2018,Passport,7.24,"5,376.81",1773
9/11/2018,ETC,10.8,"15,403.86",4478
9/11/2018,8:15,4.26,"3,841.81",1434
9/12/2018,Tylers,7.53,"4,117.38",989
9/12/2018,Concessions,4.55,150,44
9/12/2018,8:15,4.21,"2,965.51",1127
9/12/2018,Cellar,13.93,"4,084.33",941
9/12/2018,Passport,6.91,"5,318.12",1744
9/12/2018,ETC,10.13,"13,286.17",3868
9/12/2018,Dean's Den,6.22,689.8,239
9/12/2018,Lou's,5.77,"3,299.36",1045
9/12/2018,Post Office,7.47,214.25,32
9/13/2018,Dean's Den,6.09,419.77,143
9/13/2018,Post Office,7.83,185.68,22
9/13/2018,Tylers,8.27,"2,766.33",672
9/13/2018,8:15,4.11,"1,415.89",542
9/13/2018,ETC,7.94,"5,882.85",1692
9/13/2018,Passport,8.37,"2,153.57",732
9/14/2018,ETC,7.52,"4,803.13",1348
9/14/2018,Passport,7.8,"1,954.56",685
9/14/2018,Tylers,7.81,"2,442.75",571
9/14/2018,8:15,3.92,962.17,358
9/14/2018,Post Office,9.85,255.37,27
9/15/2018,8:15,4.36,"1,399.21",523
9/15/2018,ETC,7.08,"5,144.94",1474
9/16/2018,Cellar,14.22,"3,904.77",972
9/16/2018,ETC,7.06,"6,656.28",1925
9/16/2018,Dean's Den,5.98,388.79,131
9/16/2018,8:15,4.08,"3,024.19",1115
9/16/2018,Tylers,9.01,"2,850.63",611
9/17/2018,Post Office,8.74,260.09,29
9/17/2018,Tylers,7.63,"4,130.27",992
9/17/2018,8:15,4.2,"3,141.59",1181
9/17/2018,Lou's,5.98,"3,021.56",956
9/17/2018,Cellar,13.97,"1,796.72",468
9/17/2018,Passport,7.16,"4,514.91",1514
9/17/2018,ETC,7.42,"7,198.65",2092
9/17/2018,Dean's Den,6.36,477.09,157
9/18/2018,Cellar,14.83,"2,856.95",629
9/18/2018,Passport,7.56,"5,597.17",1885
9/18/2018,ETC,6.81,"8,617.50",2566
9/18/2018,Dean's Den,4.87,462.33,159
9/18/2018,Post Office,8.65,241.5,32
9/18/2018,Lou's,6.17,"3,764.97",1243
9/18/2018,Tylers,7.5,"5,069.85",1246
9/18/2018,8:15,4.27,"4,504.36",1688
9/19/2018,Post Office,8.53,296.38,39
9/19/2018,ETC,6.8,"7,960.88",2422
9/19/2018,Passport,7.36,"5,558.43",1875
9/19/2018,8:15,4.1,"4,555.63",1724
9/19/2018,Lou's,5.78,"3,699.79",1212
9/19/2018,Cellar,15.86,"3,649.05",773
9/19/2018,Tylers,7.71,"5,187.47",1220
9/19/2018,Dean's Den,6.14,546.5,185
9/20/2018,Dean's Den,5.5,665.08,230
9/20/2018,Post Office,18.9,434.65,26
9/20/2018,Passport,7.21,"5,236.94",1739
9/20/2018,ETC,6.78,"8,179.66",2534
9/20/2018,Lou's,6.14,"2,984.71",966
9/20/2018,Cellar,14.97,"2,635.25",670
9/20/2018,Tylers,7.53,"5,165.18",1218
9/20/2018,8:15,4.13,"3,407.52",1273
9/21/2018,8:15,4.14,"1,783.09",685
9/21/2018,Lou's,5.98,"1,000.99",313
9/21/2018,Passport,7.76,"4,524.35",1573
9/21/2018,Cellar,17.06,"2,812.39",633
9/21/2018,Tylers,7.74,"4,242.83",1024
9/21/2018,Post Office,6.81,203.18,33
9/21/2018,ETC,6.77,"6,141.97",1885
9/22/2018,8:15,4.28,"1,144.55",419
9/22/2018,Passport,7.8,"1,335.61",441
9/22/2018,ETC,7.17,"5,807.04",1719
9/22/2018,Cellar,14.77,"3,838.72",983
9/23/2018,Tylers,8.71,"3,063.59",676
9/23/2018,8:15,4.25,"3,964.88",1473
9/23/2018,Concessions,5.72,349,112
9/23/2018,Cellar,14.33,"3,514.98",855
9/23/2018,ETC,7.66,"8,488.28",2678
9/23/2018,Dean's Den,6.22,609.28,218
9/23/2018,Lou's,0,0,
9/24/2018,Lou's,5.81,"3,628.78",1209
9/24/2018,Dean's Den,7.02,863.28,288
9/24/2018,Post Office,7.37,262.41,39
9/24/2018,Tylers,7.49,"5,137.93",1241
9/24/2018,Passport,7.31,"5,603.95",1860
9/24/2018,Cellar,14.51,"1,867.96",505
9/24/2018,8:15,4.18,"4,890.79",1824
9/24/2018,ETC,6.71,"8,977.58",2798
9/25/2018,Passport,7.21,"5,725.09",1945
9/25/2018,ETC,6.66,"9,052.61",2820
9/25/2018,Tylers,7.67,"5,314.18",1277
9/25/2018,8:15,4.16,"4,916.08",1855
9/25/2018,Cellar,16.38,"2,608.09",601
9/25/2018,Dean's Den,6.62,906.32,299
9/25/2018,Lou's,5.77,"3,383.26",1124
9/25/2018,Post Office,13.78,423.72,32
9/26/2018,Lou's,5.6,"3,433.17",1152
9/26/2018,Post Office,10.01,319.2,33
9/26/2018,ETC,6.65,"8,929.86",2714
9/26/2018,Tylers,7.66,"5,201.65",1250
9/26/2018,Cellar,13.59,"2,733.59",569
9/26/2018,8:15,4.24,"4,922.64",1871
9/26/2018,Dean's Den,6.49,953.18,310
9/26/2018,Passport,6.96,"5,366.19",1823
9/27/2018,ETC,7.2,"8,948.33",2667
9/27/2018,Concessions,0,0,0
9/27/2018,Passport,7.07,"5,207.85",1787
9/27/2018,Dean's Den,5.95,476.39,157
9/27/2018,Cellar,16.14,"3,063.38",733
9/27/2018,Post Office,12.05,407.02,36
9/27/2018,Lou's,5.76,"2,732.45",904
9/27/2018,Tylers,7.36,"4,936.99",1206
9/27/2018,8:15,4.28,"3,898.60",1466
9/27/2018,Concessions,0,0,
9/28/2018,Post Office,7.68,159.73,22
9/28/2018,Tylers,7.64,"3,966.11",957
9/28/2018,8:15,4.34,"1,716.67",646
9/28/2018,Passport,7.33,"4,051.80",1426
9/28/2018,ETC,7.04,"6,761.88",2013
9/28/2018,Cellar,15.59,"3,425.56",842
9/28/2018,Lou's,6.05,922.94,281
9/29/2018,Cellar,15.86,"1,702.29",394
9/29/2018,Concessions,7.29,"10,934.00",3264
9/29/2018,ETC,7.6,"6,225.95",1832
9/29/2018,Concessions,7.18,"9,753.00",2926
9/29/2018,8:15,4.52,"1,092.01",391
9/29/2018,Passport,7.93,"1,382.98",500
9/30/2018,Lou's,0,0,
9/30/2018,Tylers,8.34,"3,161.23",714
9/30/2018,8:15,4.29,"3,943.23",1455
9/30/2018,Cellar,13.86,"3,009.30",785
9/30/2018,ETC,7.55,"8,336.29",2582
9/30/2018,Concessions,5,230,71
9/30/2018,Dean's Den,6.41,673.16,219
10/1/2018,Cellar,14.35,"1,702.89",465
10/1/2018,Dean's Den,6.48,764.8,250
10/1/2018,Concessions,0,0,
10/1/2018,Post Office,7.21,322.71,52
10/1/2018,Passport,7.26,"5,208.94",1773
10/1/2018,Lou's,5.98,"3,559.80",1162
10/1/2018,ETC,6.58,"9,721.80",2944
10/1/2018,8:15,4.22,"5,212.54",1946
10/1/2018,Tylers,7.39,"5,435.51",1315
10/2/2018,Post Office,12.39,234.97,19
10/2/2018,Passport,7.37,"6,121.94",2109
10/2/2018,Lou's,5.89,"3,849.67",1249
10/2/2018,ETC,6.55,"8,848.24",2758
10/2/2018,8:15,4.14,"4,871.35",1856
10/2/2018,Cellar,16.09,"2,265.89",542
10/2/2018,Dean's Den,6.34,913.05,311
10/2/2018,Tylers,7.59,"5,381.55",1286
10/3/2018,Dean's Den,6.36,922.47,300
10/3/2018,Lou's,5.75,"3,596.68",1146
10/3/2018,Post Office,8.19,211.26,28
10/3/2018,Tylers,7.73,"5,185.40",1224
10/3/2018,8:15,4.13,"4,903.90",1841
10/3/2018,Cellar,16.3,"4,364.45",966
10/3/2018,ETC,6.95,"9,183.42",2770
10/3/2018,Passport,7.03,"5,600.63",1956
10/4/2018,8:15,4.38,"4,296.47",1595
10/4/2018,Tylers,7.46,"5,678.33",1367
10/4/2018,Concessions,5.05,111,35
10/4/2018,Passport,7.19,"5,403.19",1903
10/4/2018,Cellar,14.9,"2,957.92",726
10/4/2018,Dean's Den,6.38,899.06,285
10/4/2018,Lou's,5.92,"3,085.82",947
10/4/2018,Post Office,10.11,271.96,27
10/4/2018,ETC,6.69,"8,773.27",2670
10/5/2018,Lou's,5.93,"1,327.29",427
10/5/2018,Tylers,7.7,"4,396.97",1049
10/5/2018,8:15,4.38,"2,245.06",851
10/5/2018,Passport,7.54,"4,573.46",1529
10/5/2018,ETC,7.35,"7,943.73",2455
10/5/2018,Post Office,6.13,256.51,52
10/5/2018,Cellar,14.96,"3,337.02",815
10/6/2018,Passport,7.64,"1,340.04",495
10/6/2018,8:15,4.34,"1,188.48",448
10/6/2018,Concessions,6.63,"8,171.00",2528
10/6/2018,Cellar,13.62,"3,844.20",944
10/6/2018,ETC,7.57,"6,295.02",1888
10/6/2018,Concessions,6.82,"6,659.00",2031
10/7/2018,Cellar,14.2,"3,025.21",717
10/7/2018,Tylers,8.65,"3,023.08",661
10/7/2018,Dean's Den,6.35,907.72,310
10/7/2018,ETC,7.47,"8,258.47",2557
10/7/2018,8:15,4.21,"4,165.07",1541
10/8/2018,Passport,7.32,"6,050.71",1990
10/8/2018,ETC,6.81,"9,477.79",2859
10/8/2018,Cellar,14.13,"2,161.62",564
10/8/2018,Tylers,7.98,"5,781.95",1377
10/8/2018,8:15,4.16,"5,534.07",2127
10/8/2018,Dean's Den,6.44,882.38,289
10/8/2018,Lou's,5.76,"3,820.14",1272
10/8/2018,Post Office,9.33,296.84,33
10/9/2018,8:15,4.23,"5,743.94",2167
10/9/2018,Post Office,8.4,334.93,43
10/9/2018,Tylers,8.09,"5,877.73",1336
10/9/2018,Lou's,6.01,"3,652.37",1174
10/9/2018,ETC,6.63,"9,525.06",2959
10/9/2018,Cellar,15.71,"2,622.08",624
10/9/2018,Passport,7.1,"5,885.56",2058
10/9/2018,Dean's Den,5.65,835.86,288
10/10/2018,Cellar,15.75,"3,922.78",914
10/10/2018,Passport,7.2,"5,765.47",1952
10/10/2018,Dean's Den,6.92,"1,052.09",330
10/10/2018,ETC,6.65,"9,473.00",2875
10/10/2018,Post Office,10.36,402.39,40
10/10/2018,Tylers,8,"5,426.65",1300
10/10/2018,Lou's,6.26,"3,730.26",1173
10/10/2018,8:15,4.2,"5,081.35",1912
10/11/2018,Post Office,8.24,203.92,78
10/11/2018,Tylers,7.69,"4,778.53",1180
10/11/2018,Cellar,15.96,"2,804.91",639
10/11/2018,8:15,4.34,"3,595.79",1357
10/11/2018,Passport,7.34,"5,099.70",1751
10/11/2018,ETC,6.91,"7,824.81",2303
10/11/2018,Dean's Den,6.55,556.58,174
10/11/2018,Lou's,5.89,"2,461.23",778
10/12/2018,ETC,8.46,"6,554.99",1981
10/12/2018,Post Office,8.12,152.7,18
10/12/2018,Lou's,6.47,730.75,217
10/12/2018,8:15,4.32,"1,382.44",537
10/12/2018,Tylers,8.26,"4,531.73",1106
10/12/2018,Passport,7.35,"3,804.66",1283
10/14/2018,Concessions,6,402,129
10/15/2018,8:15,4.81,744.46,278
10/15/2018,Tylers,9.16,"4,931.71",1224
10/15/2018,ETC,10.12,"1,512.09",451
10/15/2018,Post Office,12,167.94,14
10/16/2018,Tylers,8.61,"5,297.45",1314
10/16/2018,Post Office,16.33,294.01,21
10/16/2018,8:15,4.56,"1,291.17",483
10/16/2018,Cellar,0,0,4
10/16/2018,ETC,9.05,"7,708.35",2256
10/17/2018,Tylers,7.9,"5,252.53",1272
10/17/2018,Cellar,16.5,"4,175.54",812
10/17/2018,Passport,7.22,"5,205.76",1780
10/17/2018,Lou's,6.28,"3,910.90",1204
10/17/2018,Dean's Den,6.11,"1,037.67",354
10/17/2018,Post Office,4.9,179.51,39
10/17/2018,8:15,4.15,"4,683.00",1787
10/17/2018,ETC,7.11,"9,333.93",2861
10/18/2018,Lou's,6.12,"3,190.77",1033
10/18/2018,Dean's Den,6.5,844.52,263
10/18/2018,Passport,7.47,"5,272.95",1807
10/18/2018,ETC,6.79,"8,638.47",2638
10/18/2018,Concessions,5.62,337,131
10/18/2018,8:15,4.25,"3,982.03",1487
10/18/2018,Tylers,7.74,"4,819.30",1173
10/18/2018,Post Office,8.89,283.91,35
10/18/2018,Cellar,16.48,"3,671.44",842
10/19/2018,Passport,7.41,"4,498.42",1491
10/19/2018,ETC,7.08,"7,623.20",2365
10/19/2018,8:15,4.21,"1,850.42",720
10/19/2018,Tylers,7.53,"4,465.55",1096
10/19/2018,Cellar,14.97,"3,633.33",859
10/19/2018,Lou's,5.93,"1,210.91",383
10/19/2018,Post Office,8.4,225.07,25
10/20/2018,Passport,8.28,"1,230.65",430
10/20/2018,Cellar,15.05,"3,458.21",888
10/20/2018,8:15,4.4,"1,202.34",447
10/20/2018,ETC,7,"6,354.19",1985
10/21/2018,Cellar,14.83,"3,630.01",878
10/21/2018,ETC,7.29,"7,952.71",2424
10/21/2018,8:15,4.38,"4,374.56",1611
10/21/2018,Tylers,8.57,"3,020.09",690
10/21/2018,Dean's Den,6.75,674.76,216
10/21/2018,Lou's,0,0,
10/22/2018,8:15,4.22,"4,928.21",1849
10/22/2018,Post Office,8.66,404.84,226
10/22/2018,Tylers,7.8,"5,560.28",1362
10/22/2018,Lou's,6,"3,721.12",1188
10/22/2018,Cellar,15.74,"2,397.74",593
10/22/2018,ETC,7.11,"9,175.87",2737
10/22/2018,Passport,7.27,"5,638.98",1890
10/22/2018,Dean's Den,6.78,"1,009.56",322
10/23/2018,Cellar,14.08,"2,568.34",606
10/23/2018,Passport,7.13,"5,666.37",1878
10/23/2018,ETC,6.92,"9,471.64",2922
10/23/2018,Dean's Den,6.33,861.02,275
10/23/2018,Post Office,8.9,379.1,49
10/23/2018,Lou's,6.06,"3,642.69",1168
10/23/2018,Tylers,7.66,"5,190.86",1257
10/23/2018,8:15,4.23,"4,953.60",1863
10/24/2018,Post Office,4.7,148.73,37
10/24/2018,Passport,7.01,"5,554.80",1839
10/24/2018,ETC,6.62,"9,596.05",2929
10/24/2018,Concessions,0,0,
10/24/2018,Tylers,7.41,"5,028.92",1237
10/24/2018,8:15,4.1,"4,631.03",1698
10/24/2018,Cellar,16.97,"4,111.32",878
10/24/2018,Dean's Den,6.64,835.56,292
10/24/2018,Lou's,5.55,"3,196.09",1042
10/24/2018,Concessions,0,0,
10/25/2018,Dean's Den,6.1,866.53,307
10/25/2018,Post Office,8.3,327.68,43
10/25/2018,Lou's,6,"3,242.92",1024
10/25/2018,ETC,6.39,"8,063.70",2531
10/25/2018,8:15,4.29,"3,968.01",1506
10/25/2018,Tylers,7.61,"5,671.22",1388
10/25/2018,Cellar,14.99,"2,733.66",669
10/25/2018,Passport,7.27,"5,218.55",1809
10/26/2018,8:15,4.35,"1,722.81",676
10/26/2018,Tylers,7.49,"3,860.78",969
10/26/2018,ETC,7.18,"6,768.10",2053
10/26/2018,Passport,7.64,"4,351.87",1547
10/26/2018,Cellar,16.49,"3,235.12",745
10/26/2018,Lou's,5.96,"1,040.49",318
10/26/2018,Post Office,9.42,338.32,38
10/27/2018,8:15,4.47,"1,208.83",448
10/27/2018,Concessions,7.23,"1,908.00",587
10/27/2018,ETC,7.25,"6,434.85",1938
10/27/2018,Passport,8.87,"1,102.29",370
10/27/2018,Cellar,14.47,"3,095.50",838
10/27/2018,Concessions,7.04,"1,358.00",416
10/28/2018,8:15,4.24,"3,887.29",1489
10/28/2018,Tylers,8.62,"2,976.83",676
10/28/2018,ETC,7.47,"8,182.14",2546
10/28/2018,Cellar,14.23,"3,345.69",876
10/28/2018,Lou's,0,0,
10/28/2018,Dean's Den,7.52,871.2,288
10/29/2018,Lou's,5.77,"3,294.48",1129
10/29/2018,Dean's Den,6.55,779.79,269
10/29/2018,Post Office,20.45,"1,000.82",61
10/29/2018,Passport,7.2,"5,286.72",1797
10/29/2018,8:15,4.13,"4,737.86",1784
10/29/2018,Tylers,8.07,"5,143.21",1230
10/29/2018,Cellar,17.93,"2,548.84",573
10/29/2018,ETC,6.93,"9,901.45",2980
10/30/2018,Passport,6.92,"5,371.01",1833
10/30/2018,ETC,6.7,"9,363.86",2909
10/30/2018,8:15,4.29,"5,013.02",1890
10/30/2018,Cellar,16.96,"2,798.20",655
10/30/2018,Dean's Den,7.18,932.53,303
10/30/2018,Tylers,7.84,"5,378.83",1306
10/30/2018,Lou's,6.61,"3,831.10",1202
10/30/2018,Post Office,6.96,409.36,65
10/31/2018,Lou's,5.64,"3,044.34",984
10/31/2018,Passport,7.06,"5,448.15",1854
10/31/2018,ETC,6.53,"8,595.14",2693
10/31/2018,Post Office,12.84,575.82,221
10/31/2018,8:15,4.1,"4,115.50",1556
10/31/2018,Tylers,7.75,"4,770.26",1137
10/31/2018,Cellar,16.43,"5,041.08",1060
10/31/2018,Dean's Den,6.48,744.78,243
11/1/2018,ETC,6.78,"8,784.70",2639
11/1/2018,Passport,7.31,"5,318.86",1882
11/1/2018,Cellar,15.98,"3,258.52",765
11/1/2018,Dean's Den,6.79,908.98,320
11/1/2018,Post Office,13.92,500.13,42
11/1/2018,8:15,4.29,"3,951.98",1516
11/1/2018,Tylers,7.87,"5,169.40",1261
11/1/2018,Lou's,5.66,"3,072.32",996
11/2/2018,Concessions,0,0,
11/2/2018,Post Office,7.2,200.41,27
11/2/2018,Tylers,7.85,"4,531.42",1130
11/2/2018,Lou's,5.82,"1,057.23",332
11/2/2018,Concessions,0,0,
11/2/2018,Cellar,13.78,"2,671.64",678
11/2/2018,Passport,7.32,"4,337.62",1504
11/2/2018,8:15,4.49,"1,955.37",745
11/2/2018,ETC,7.1,"7,373.33",2202
11/3/2018,Concessions,7.5,"7,179.00",2124
11/3/2018,Cellar,15.54,"3,940.05",862
11/3/2018,ETC,6.68,"6,005.08",1825
11/3/2018,Passport,7.77,"1,337.77",471
11/3/2018,Concessions,7.36,"5,336.00",1552
11/3/2018,8:15,4.38,"1,086.71",427
11/4/2018,8:15,4.23,"3,763.36",1386
11/4/2018,Tylers,9.03,"3,035.16",689
11/4/2018,Cellar,13.95,"3,029.18",818
11/4/2018,ETC,7.59,"8,986.93",2708
11/4/2018,Dean's Den,6.39,772.91,253
11/5/2018,Dean's Den,6.29,910.85,312
11/5/2018,Post Office,8.86,459.21,56
11/5/2018,Lou's,5.88,"3,630.73",1132
11/5/2018,Tylers,8.09,"5,329.20",1264
11/5/2018,Cellar,15.32,"2,289.70",598
11/5/2018,ETC,6.99,"9,722.12",2915
11/5/2018,Passport,6.99,"5,166.92",1800
11/5/2018,8:15,4.08,"4,719.97",1775
11/6/2018,8:15,4.2,"4,762.65",1820
11/6/2018,Post Office,10.18,506.21,50
11/6/2018,ETC,6.6,"9,506.05",2827
11/6/2018,Concessions,6.72,524,169
11/6/2018,Cellar,15.94,"2,206.31",542
11/6/2018,Tylers,7.97,"5,461.93",1282
11/6/2018,Passport,7.12,"5,432.28",1906
11/6/2018,Dean's Den,6.6,976.47,326
11/6/2018,Lou's,6.19,"3,719.24",1171
11/6/2018,Concessions,6.44,695,226
11/7/2018,Dean's Den,6.22,819.69,276
11/7/2018,Lou's,6.13,"3,979.79",1281
11/7/2018,Post Office,16.79,384.04,26
11/7/2018,Tylers,7.62,"5,009.60",1238
11/7/2018,8:15,4.26,"4,740.67",1773
11/7/2018,Concessions,0,0,
11/7/2018,Concessions,0,0,0
11/7/2018,ETC,6.8,"9,725.75",2976
11/7/2018,Cellar,15.09,"3,515.72",744
11/7/2018,Passport,7.33,"5,577.77",1974
11/8/2018,Tylers,7.6,"4,895.41",1220
11/8/2018,8:15,4.31,"4,046.15",1537
11/8/2018,Cellar,17.59,"3,101.82",733
11/8/2018,Passport,7.25,"4,990.34",1704
11/8/2018,ETC,6.74,"9,324.90",2949
11/8/2018,Lou's,5.72,"2,821.90",899
11/8/2018,Dean's Den,6.9,978.26,338
11/8/2018,Post Office,10.88,271.19,29
11/9/2018,Lou's,5.62,"1,082.12",332
11/9/2018,Post Office,11.15,188.32,23
11/9/2018,Tylers,7.8,"3,945.68",974
11/9/2018,Concessions,8.66,"8,594.00",1936
11/9/2018,Cellar,17.55,"3,427.46",790
11/9/2018,8:15,4.46,"1,727.31",641
11/9/2018,ETC,7.35,"7,899.63",2379
11/9/2018,Passport,7.64,"4,170.28",1411
11/9/2018,Concessions,8.87,"9,639.00",2214
11/10/2018,Passport,7.91,"1,570.90",567
11/10/2018,Concessions,6.26,"5,703.00",1948
11/10/2018,8:15,4.36,"1,212.21",440
11/10/2018,ETC,7.25,"6,286.39",1922
11/10/2018,Cellar,14.66,"3,885.97",969
11/10/2018,Concessions,6.05,"4,546.00",1598
11/11/2018,ETC,7.85,"8,393.24",2509
11/11/2018,Passport,0,0,
11/11/2018,8:15,4.35,"3,740.97",1345
11/11/2018,Tylers,8.95,"3,124.57",693
11/11/2018,Cellar,15.74,"3,013.35",747
11/11/2018,Dean's Den,6.33,827.08,282
11/12/2018,ETC,7.1,"9,206.18",2760
11/12/2018,Passport,7.33,"5,120.26",1706
11/12/2018,Tylers,7.66,"5,000.55",1200
11/12/2018,Cellar,15.15,"1,876.78",478
11/12/2018,Dean's Den,6.62,754.2,258
11/12/2018,Lou's,5.95,"3,544.37",1151
11/12/2018,Post Office,10.66,297.55,29
11/12/2018,Concessions,0,0,
11/12/2018,8:15,4.23,"4,856.31",1827
11/13/2018,8:15,4.15,"5,060.60",1898
11/13/2018,Tylers,7.53,"4,495.11",1094
11/13/2018,Post Office,11.86,330.49,29
11/13/2018,ETC,6.82,"9,406.45",2878
11/13/2018,Passport,7.36,"5,555.59",1890
11/13/2018,Lou's,6.11,"3,640.03",1181
11/13/2018,Cellar,16.62,"2,669.07",647
11/13/2018,Dean's Den,6.76,979.05,324
11/14/2018,Cellar,20.05,"4,882.88",977
11/14/2018,Passport,7.34,"5,164.75",1787
11/14/2018,Concessions,6.08,"4,019.00",1107
11/14/2018,ETC,6.56,"7,867.89",2447
11/14/2018,Dean's Den,6.52,676.63,238
11/14/2018,Post Office,14.09,322.47,25
11/14/2018,8:15,4.25,"4,485.10",1650
11/14/2018,Lou's,5.73,"3,818.95",1201
11/14/2018,Tylers,7.68,"5,198.17",1266
11/14/2018,Concessions,5.67,"2,659.00",740
11/15/2018,Post Office,12.19,267.53,22
11/15/2018,Tylers,7.46,"5,067.33",1247
11/15/2018,Lou's,5.41,"2,993.74",960
11/15/2018,Cellar,16.05,"2,760.74",679
11/15/2018,Passport,7.69,"4,886.97",1674
11/15/2018,Dean's Den,7.21,944.3,325
11/15/2018,8:15,4.33,"4,081.42",1528
11/15/2018,ETC,7.12,"8,560.81",2577
11/16/2018,Concessions,8.16,"4,603.00",1028
11/16/2018,Cellar,15.98,"4,218.78",935
11/16/2018,ETC,7.12,"7,130.57",2244
11/16/2018,Passport,7.4,"4,219.48",1460
11/16/2018,Concessions,8.23,"5,284.00",1197
11/16/2018,8:15,4.4,"1,930.51",714
11/16/2018,Tylers,7.64,"4,001.62",971
11/16/2018,Post Office,17.62,350.89,20
11/16/2018,Lou's,5.36,"1,137.90",358
11/17/2018,Passport,8.69,"1,432.20",482
11/17/2018,ETC,7.26,"5,732.07",1760
11/17/2018,Cellar,15.7,"3,467.80",873
11/17/2018,8:15,4.61,"1,110.82",420
11/18/2018,Dean's Den,6.32,870.69,288
11/18/2018,8:15,4.51,"3,335.96",1209
11/18/2018,Tylers,8.67,"2,454.40",562
11/18/2018,Cellar,15.49,"2,800.21",694
11/18/2018,ETC,7.71,"7,295.52",2248
11/19/2018,8:15,4.44,"3,395.31",1268
11/19/2018,Tylers,8.1,"4,089.19",995
11/19/2018,Cellar,16.36,"2,701.63",652
11/19/2018,ETC,6.86,"7,426.01",2401
11/19/2018,Passport,7.35,"4,743.22",1670
11/19/2018,Dean's Den,6.14,649.39,229
11/19/2018,Post Office,11.78,432.99,43
11/19/2018,Lou's,5.93,"2,472.39",783
11/20/2018,Lou's,6.16,"1,007.49",306
11/20/2018,Post Office,17.83,569.81,36
11/20/2018,Tylers,8.31,"4,590.07",1141
11/20/2018,8:15,4.5,"1,531.66",559
11/20/2018,ETC,7.4,"3,646.58",1212
11/20/2018,Passport,7.22,"3,620.66",1299
11/21/2018,Tylers,7.58,"1,171.62",339
11/21/2018,Post Office,10.34,41.37,4
11/25/2018,Concessions,7.66,"4,120.00",1011
11/25/2018,ETC,8.27,"5,825.48",1695
11/25/2018,Dean's Den,6.32,567.62,188
11/25/2018,Concessions,7.61,"3,632.00",940
11/26/2018,Post Office,19.93,836,44
11/26/2018,Tylers,7.81,"4,581.26",1117
11/26/2018,8:15,4.23,"4,658.41",1743
11/26/2018,ETC,7.09,"9,313.72",2781
11/26/2018,Passport,7.41,"5,007.86",1692
11/26/2018,Lou's,5.89,"3,115.76",1010
11/26/2018,Dean's Den,6.95,728.41,225
11/26/2018,Cellar,15.41,"1,889.67",482
11/27/2018,Cellar,15.85,"2,600.94",598
11/27/2018,ETC,6.94,"9,067.09",2751
11/27/2018,Dean's Den,6.99,760.65,270
11/27/2018,Post Office,15.52,510.29,36
11/27/2018,Lou's,5.96,"3,661.40",1166
11/27/2018,Tylers,7.61,"5,008.96",1194
11/27/2018,Passport,7.35,"5,296.74",1839
11/27/2018,8:15,4.12,"4,870.15",1870
11/28/2018,Post Office,19.99,477.47,29
11/28/2018,Lou's,5.85,"3,656.60",1163
11/28/2018,Passport,7.55,"5,213.57",1785
11/28/2018,Tylers,7.88,"4,764.52",1145
11/28/2018,Cellar,15.72,"3,235.53",760
11/28/2018,Dean's Den,5.81,609.37,230
11/28/2018,ETC,7.13,"9,459.86",2853
11/28/2018,8:15,4.29,"4,899.26",1837
11/29/2018,Dean's Den,6.67,806.37,261
11/29/2018,Passport,7.45,"5,266.25",1817
11/29/2018,ETC,7.14,"9,041.14",3051
11/29/2018,8:15,4.34,"4,357.57",1645
11/29/2018,Tylers,7.86,"4,611.13",1134
11/29/2018,Post Office,13.8,548.99,41
11/29/2018,Lou's,5.7,"3,027.47",970
11/29/2018,Cellar,17.55,"2,451.50",588
11/30/2018,8:15,4.59,"2,173.31",798
11/30/2018,Tylers,7.82,"4,301.37",1043
11/30/2018,ETC,7.29,"7,701.96",2277
11/30/2018,Passport,7.35,"4,153.51",1461
11/30/2018,Cellar,17,"3,838.38",848
11/30/2018,Lou's,5.82,"1,241.23",390
11/30/2018,Post Office,16.74,482.53,30
12/1/2018,Concessions,7.9,"6,670.00",1484
12/1/2018,Concessions,8.4,"7,104.00",1621
12/1/2018,8:15,4.49,"1,832.14",666
12/1/2018,Cellar,17.84,"4,033.29",940
12/1/2018,ETC,6.72,"6,488.80",2123
12/1/2018,Passport,7.88,"1,307.80",473
12/2/2018,8:15,4.28,"4,415.67",1671
12/2/2018,Tylers,8.67,"2,898.68",641
12/2/2018,Cellar,15.54,"3,192.32",805
12/2/2018,ETC,7.49,"8,103.35",2515
12/2/2018,Dean's Den,7,922.89,294
12/3/2018,Lou's,5.91,"3,754.33",1187
12/3/2018,Dean's Den,6.44,797.2,299
12/3/2018,Post Office,12.07,675.43,64
12/3/2018,Tylers,7.98,"4,842.99",1176
12/3/2018,8:15,4.3,"5,151.56",1940
12/3/2018,ETC,6.83,"9,665.44",2988
12/3/2018,Cellar,16.07,"1,755.92",454
12/3/2018,Passport,7.4,"5,330.69",1818
12/4/2018,ETC,6.51,"8,242.99",2610
12/4/2018,Passport,7.59,"5,124.44",1752
12/4/2018,Tylers,7.74,"4,886.87",1181
12/4/2018,Dean's Den,6.54,677.91,229
12/4/2018,Cellar,19.95,"2,592.34",528
12/4/2018,8:15,4.29,"5,302.35",1985
12/4/2018,Lou's,5.65,"3,410.34",1106
12/4/2018,Post Office,21.86,916.98,47
12/5/2018,Lou's,5.64,"3,674.06",1210
12/5/2018,Post Office,14.39,516,42
12/5/2018,8:15,4.24,"5,117.77",1935
12/5/2018,Concessions,7.13,"2,566.00",637
12/5/2018,Passport,7.26,"5,173.53",1727
12/5/2018,ETC,7.04,"8,530.05",2599
12/5/2018,Tylers,7.8,"4,570.46",1118
12/5/2018,Cellar,17.95,"3,513.50",751
12/5/2018,Dean's Den,5.7,681.82,241
12/5/2018,Concessions,7.53,"3,138.00",753
12/6/2018,ETC,7.12,"8,212.69",2492
12/6/2018,Passport,7.41,"4,731.98",1584
12/6/2018,Cellar,16.86,"2,815.53",664
12/6/2018,Dean's Den,5.69,810.98,289
12/6/2018,8:15,4.39,"4,033.93",1526
12/6/2018,Post Office,28.49,881.71,31
12/6/2018,Lou's,6.33,"3,363.01",1061
12/6/2018,Tylers,7.58,"4,348.55",1095
12/7/2018,Post Office,17.54,681.48,41
12/7/2018,8:15,4.68,"2,217.47",789
12/7/2018,Tylers,7.82,"3,851.24",957
12/7/2018,Lou's,6.19,"1,201.65",374
12/7/2018,Concessions,0,0,0
12/7/2018,Passport,7.6,"3,909.68",1390
12/7/2018,Cellar,18.8,"3,713.44",822
12/7/2018,ETC,7.39,"7,324.50",2300
12/8/2018,Cellar,15.57,"3,936.22",952
12/8/2018,Concessions,6.7,429,141
12/8/2018,Passport,7.82,"2,093.30",755
12/8/2018,Concessions,7.1,433,142
12/8/2018,ETC,7.03,"7,636.58",2444
12/8/2018,8:15,4.46,"2,539.38",979
12/9/2018,8:15,4.8,"5,237.92",1860
12/9/2018,Tylers,9.47,"3,909.44",906
12/9/2018,ETC,8.48,"9,692.98",2934
12/9/2018,Dean's Den,7.65,"1,066.11",364
12/9/2018,Cellar,16.83,"2,785.42",671
12/10/2018,Dean's Den,5.94,526.6,192
12/10/2018,ETC,7.02,"8,273.73",2768
12/10/2018,Passport,8.69,"3,417.98",1088
12/10/2018,8:15,4.25,"5,051.82",1953
12/10/2018,Cellar,15.26,"1,717.57",486
12/10/2018,Tylers,8.3,"4,681.24",1132
12/11/2018,8:15,4.16,"4,279.35",1694
12/11/2018,Lou's,6.44,"2,038.12",662
12/11/2018,Passport,8.03,"3,574.36",1196
12/11/2018,Tylers,7.81,"3,640.03",932
12/11/2018,Cellar,14.99,"1,109.42",284
12/11/2018,Dean's Den,5.96,487.07,183
12/11/2018,ETC,6.66,"7,158.73",2257
12/11/2018,Post Office,22.6,"1,465.72",87
12/12/2018,Dean's Den,5.38,493.34,165
12/12/2018,8:15,4.21,"4,755.43",1843
12/12/2018,Tylers,7.77,"3,124.76",817
12/12/2018,ETC,6.53,"6,767.68",2150
12/12/2018,Lou's,5.72,"1,464.80",481
12/12/2018,Passport,8.11,"3,199.59",1075
12/12/2018,Post Office,22.16,"1,591.23",85
12/12/2018,Cellar,14.07,865.7,234
12/13/2018,8:15,4.37,"3,919.76",1529
12/13/2018,Tylers,7.84,"3,803.52",978
12/13/2018,Cellar,15.63,"1,325.99",352
12/13/2018,ETC,6.86,"6,567.26",2050
12/13/2018,Passport,7.95,"3,100.56",1095
12/13/2018,Dean's Den,5.21,10.27,3
12/13/2018,Lou's,6.1,"1,631.88",524
12/13/2018,Post Office,20.23,"1,211.50",67
12/14/2018,Lou's,5.62,896.23,278
12/14/2018,Post Office,30.42,"2,037.09",67
12/14/2018,Tylers,7.42,"2,728.54",708
12/14/2018,Cellar,15.83,997.11,303
12/14/2018,8:15,4.21,"1,702.17",655
12/14/2018,ETC,7.47,"5,404.76",1678
12/14/2018,Passport,7.95,"2,546.45",900
12/15/2018,Passport,8.23,916.11,318
12/15/2018,Concessions,6.66,"4,092.00",1205
12/15/2018,8:15,4.26,"1,156.08",454
12/15/2018,Cellar,15.86,997.44,263
12/15/2018,ETC,7.9,"4,192.38",1282
12/15/2018,Concessions,7.03,"5,007.00",1417
12/16/2018,Cellar,14.72,860.5,270
12/16/2018,ETC,7.58,"4,088.49",1240
12/16/2018,Tylers,8.88,874.94,206
12/16/2018,8:15,4.45,"2,532.65",977
12/17/2018,Passport,8.24,"2,170.92",776
12/17/2018,ETC,8.01,"4,482.34",1405
12/17/2018,Tylers,7.47,"1,850.16",469
12/17/2018,Lou's,5.61,829.59,259
12/17/2018,Post Office,16.39,"1,587.17",111
12/17/2018,8:15,4.38,"1,507.42",585
12/18/2018,Post Office,16.27,"1,234.77",92
12/18/2018,8:15,4.57,519.06,184
12/18/2018,Tylers,7.63,548.51,173
12/18/2018,Lou's,7.48,260.06,71
12/18/2018,Passport,8.46,907.94,330
12/18/2018,ETC,9.94,"2,927.57",944
12/19/2018,Concessions,8.4,"7,664.00",1753
12/19/2018,ETC,12.53,"1,069.85",341
12/19/2018,Passport,9.61,602.15,235
12/19/2018,Concessions,8.93,"6,905.00",1518
12/19/2018,8:15,5.62,272.22,107
12/19/2018,Post Office,24.18,"1,739.66",100
12/19/2018,Tylers,7.19,641.68,194
12/20/2018,Post Office,17.19,704.69,46
12/20/2018,Tylers,8.08,623.76,182
12/20/2018,8:15,5.29,186.98,68
12/20/2018,Concessions,0.11,1,1
12/20/2018,Passport,7.82,518.74,204
12/20/2018,ETC,1.3,6.18,1
12/21/2018,Post Office,13.99,349.2,35
12/21/2018,Passport,8.91,306.49,103
12/21/2018,8:15,4.92,116.03,41
12/21/2018,Tylers,8.35,515.46,145
12/21/2018,ETC,0,0,
12/22/2018,Concessions,5.94,202,66
12/22/2018,Concessions,7.13,285,94
12/24/2018,Post Office,8.58,25.73,3
12/26/2018,Post Office,19.14,76.55,5
12/27/2018,Post Office,36.11,505.57,17
12/28/2018,Post Office,54.28,162.83,3
12/29/2018,Concessions,5.79,301,100
12/29/2018,Concessions,6.88,220,73
12/31/2018,Post Office,18.15,126.85,10
1/2/2019,Post Office,22.63,565.77,29
1/2/2019,Concessions,5.88,341,116
1/2/2019,Tylers,7.9,567.28,180
1/2/2019,8:15,4.24,110.21,47
1/2/2019,Concessions,7.77,272,90
1/3/2019,8:15,4.55,186.35,66
1/3/2019,Post Office,13.24,264.47,27
1/3/2019,Cellar,0.01,0,0
1/3/2019,Tylers,7.91,908.24,285
1/4/2019,Tylers,7.35,603.27,178
1/4/2019,8:15,4.72,237.89,92
1/4/2019,Lou's,0,0,
1/4/2019,Post Office,17.66,353.02,22
1/5/2019,Concessions,6.56,269,88
1/5/2019,Concessions,5.91,278,92
1/7/2019,Lou's,0,0,
1/7/2019,8:15,4.51,225.49,92
1/7/2019,Tylers,8.55,970.56,283
1/7/2019,Post Office,15.81,395.02,29
1/7/2019,ETC,9.67,351.35,96
1/8/2019,Passport,0,0,
1/8/2019,ETC,7.12,286,89
1/8/2019,8:15,4.18,256.71,100
1/8/2019,Tylers,8.07,997.14,299
1/8/2019,Dean's Den,0,0,
1/8/2019,Lou's,0,0,
1/8/2019,Post Office,14.09,267.52,23
1/9/2019,Lou's,0,0,
1/9/2019,Post Office,23.89,406.02,20
1/9/2019,Concessions,8.21,"4,343.00",1040
1/9/2019,8:15,4.49,292.73,116
1/9/2019,Concessions,7.81,"3,930.00",926
1/9/2019,ETC,11.11,385.27,86
1/10/2019,ETC,10.49,592.7,175
1/10/2019,Cellar,0,-0.12,0
1/10/2019,8:15,4.49,276.48,103
1/10/2019,Post Office,27.99,475.79,23
1/10/2019,Concessions,0,0,
1/11/2019,Post Office,14.35,272.69,23
1/11/2019,Concessions,0,0,
1/11/2019,Tylers,0,0,0
1/11/2019,8:15,8.24,588.74,203
1/11/2019,Lou's,0,0,0
1/11/2019,Cellar,0,0.01,1
1/11/2019,ETC,8.94,"1,102.54",311
1/11/2019,Concessions,0,0,0
1/11/2019,Passport,0,0,
1/12/2019,Concessions,6.69,"1,097.00",359
1/12/2019,ETC,12.45,"2,785.69",714
1/12/2019,Concessions,8.05,"1,038.00",337
1/12/2019,8:15,0,0,
1/13/2019,Tylers,7.87,"2,465.05",603
1/13/2019,ETC,9.37,"11,131.96",3144
1/14/2019,Dean's Den,7.87,809.43,290
1/14/2019,ETC,8.45,"11,189.82",3082
1/14/2019,Lou's,6.2,"3,343.52",1060
1/14/2019,Post Office,68.41,"2,867.20",44
1/14/2019,8:15,4.01,"2,816.36",1056
1/14/2019,Cellar,18.28,"2,390.29",526
1/14/2019,Passport,7.57,"4,416.76",1376
1/14/2019,Tylers,7.9,"3,802.43",919
1/15/2019,8:15,4.07,"3,249.27",1274
1/15/2019,Passport,7.6,"5,573.17",1841
1/15/2019,ETC,7.12,"9,077.81",2731
1/15/2019,Lou's,5.98,"3,416.68",1118
1/15/2019,Tylers,8.06,"4,887.27",1150
1/15/2019,Cellar,16.09,"2,856.11",630
1/15/2019,Dean's Den,6.43,739.67,244
1/15/2019,Post Office,15.29,607.98,43
1/15/2019,Concessions,0,0,0
1/16/2019,Dean's Den,6.97,620.26,196
1/16/2019,Lou's,5.86,"3,538.90",1145
1/16/2019,Post Office,10.86,377.45,39
1/16/2019,Concessions,7.49,"4,286.00",1038
1/16/2019,8:15,4.09,"3,447.17",1301
1/16/2019,Concessions,7.92,"3,549.00",820
1/16/2019,Tylers,7.57,"5,113.07",1267
1/16/2019,Passport,7.44,"5,524.19",1760
1/16/2019,Cellar,15.69,"3,316.32",777
1/16/2019,ETC,6.85,"9,042.20",2663
1/17/2019,8:15,4.14,"3,034.72",1162
1/17/2019,Tylers,7.55,"4,756.27",1133
1/17/2019,ETC,6.94,"9,220.23",2749
1/17/2019,Passport,7.81,"6,101.03",1941
1/17/2019,Dean's Den,6.12,808.31,271
1/17/2019,Lou's,6.28,"3,435.96",1109
1/17/2019,Post Office,11.71,313.07,28
1/17/2019,Cellar,18.28,"3,134.99",677
1/18/2019,Lou's,6.68,"1,203.68",351
1/18/2019,Post Office,10.88,410.25,37
1/18/2019,Tylers,7.96,"3,773.39",919
1/18/2019,8:15,4.05,"1,487.93",580
1/18/2019,Cellar,14.5,"3,979.59",928
1/18/2019,Passport,7.95,"4,190.98",1395
1/18/2019,ETC,7.43,"9,144.80",3376
1/19/2019,Passport,8.02,"1,911.26",669
1/19/2019,ETC,7.41,"7,707.66",2358
1/19/2019,Cellar,14.96,"3,826.06",868
1/19/2019,8:15,4.55,717.19,249
1/20/2019,ETC,7.58,"7,666.76",2347
1/20/2019,8:15,4.23,"1,716.90",641
1/20/2019,Tylers,9.08,"2,220.48",475
1/20/2019,Cellar,15.35,"2,970.78",696
1/20/2019,Dean's Den,7.35,668.58,202
1/21/2019,Passport,0,0,
1/21/2019,ETC,7.58,"8,782.44",2576
1/21/2019,Tylers,8.7,"3,384.41",793
1/21/2019,Cellar,17.53,"2,759.36",631
1/21/2019,Dean's Den,6.88,529.54,178
1/21/2019,Lou's,0,0,
1/21/2019,Post Office,10.72,61.13,8
1/21/2019,8:15,4.22,"2,759.37",1010
1/22/2019,Post Office,12.79,609.79,59
1/22/2019,Tylers,7.85,"5,222.29",1246
1/22/2019,Lou's,6.51,"4,513.22",1437
1/22/2019,8:15,4.32,"4,289.22",1574
1/22/2019,Cellar,20.36,"3,265.14",692
1/22/2019,Dean's Den,6.67,907.44,290
1/22/2019,Passport,7.28,"5,532.10",1808
1/22/2019,ETC,7.29,"10,621.65",3255
1/23/2019,Concessions,5.97,233,77
1/23/2019,ETC,7.9,"12,241.23",3666
1/23/2019,Cellar,15.08,"4,704.85",1066
1/23/2019,Passport,7.39,"5,682.01",1883
1/23/2019,Dean's Den,7.52,954.98,310
1/23/2019,8:15,4.16,"4,256.33",1635
1/23/2019,Post Office,16.73,767.46,49
1/23/2019,Tylers,8,"4,598.20",1064
1/23/2019,Concessions,6.24,106,35
1/23/2019,Lou's,6.22,"4,338.41",1347
1/24/2019,Post Office,8.99,364.28,45
1/24/2019,Lou's,5.86,"3,372.35",1156
1/24/2019,Tylers,7.61,"4,489.48",1092
1/24/2019,8:15,4.17,"3,361.47",1304
1/24/2019,Cellar,15.29,"3,189.92",744
1/24/2019,ETC,7.4,"11,969.05",3631
1/24/2019,Passport,7.45,"5,555.05",1860
1/24/2019,Dean's Den,6.37,770.87,273
1/25/2019,Cellar,15.5,"3,910.91",918
1/25/2019,Post Office,12.78,484.48,40
1/25/2019,Lou's,6.44,"1,083.68",332
1/25/2019,Tylers,8.21,"4,020.64",930
1/25/2019,ETC,7.33,"8,917.67",2763
1/25/2019,Passport,7.64,"4,475.79",1562
1/25/2019,8:15,4.31,"1,851.27",732
1/26/2019,Concessions,9.31,"8,870.00",2042
1/26/2019,Passport,9.05,"1,856.04",617
1/26/2019,ETC,8.39,"9,073.20",2649
1/26/2019,8:15,4.12,"1,009.90",380
1/26/2019,Cellar,16.25,"4,993.39",1128
1/26/2019,Concessions,8.72,"9,039.00",2108
1/27/2019,Dean's Den,7.41,808.23,253
1/27/2019,8:15,4.14,"3,565.13",1364
1/27/2019,ETC,7.99,"10,515.81",3222
1/27/2019,Cellar,15.74,"4,041.92",933
1/27/2019,Tylers,9.46,"3,359.29",735
1/28/2019,Tylers,8.33,"5,027.38",1162
1/28/2019,8:15,4.1,"4,779.51",1806
1/28/2019,Cellar,15.66,"2,798.00",597
1/28/2019,ETC,7.26,"11,191.51",3363
1/28/2019,Passport,7.38,"5,558.02",1747
1/28/2019,Dean's Den,6.94,749.59,273
1/28/2019,Lou's,6.28,"4,587.43",1451
1/28/2019,Post Office,8.79,442.35,60
1/29/2019,Lou's,6.21,"4,353.52",1408
1/29/2019,Dean's Den,7.12,854.94,277
1/29/2019,8:15,4.19,"4,712.46",1731
1/29/2019,Post Office,16.82,652.53,40
1/29/2019,Cellar,15.56,"3,233.56",796
1/29/2019,Tylers,7.92,"5,423.70",1290
1/29/2019,Passport,7.3,"6,060.41",2063
1/29/2019,ETC,7.31,"10,397.83",3278
1/30/2019,Concessions,0,0,
1/30/2019,Passport,7.78,"5,655.10",1924
1/30/2019,Tylers,7.95,"5,320.56",1263
1/30/2019,8:15,4.14,"4,689.14",1764
1/30/2019,ETC,7.81,"11,348.77",3405
1/30/2019,Lou's,6.03,"4,683.45",1430
1/30/2019,Dean's Den,7.07,855.97,287
1/30/2019,Post Office,9.79,329.77,42
1/30/2019,Cellar,16.98,"5,230.50",1077
1/31/2019,Lou's,5.77,"3,149.64",1057
1/31/2019,Post Office,10.24,335.17,34
1/31/2019,ETC,7.61,"10,243.37",3169
1/31/2019,Passport,7.62,"5,740.64",1861
1/31/2019,8:15,4.39,"3,776.89",1439
1/31/2019,Tylers,7.77,"4,459.18",1089
1/31/2019,Dean's Den,6.93,927.71,307
1/31/2019,Cellar,16.07,"2,886.30",652
2/1/2019,Cellar,15.15,"4,058.46",1035
2/1/2019,ETC,7.91,"8,806.59",2675
2/1/2019,Passport,7.8,"4,551.24",1474
2/1/2019,8:15,4.28,"1,748.47",677
2/1/2019,Tylers,7.77,"3,509.81",841
2/1/2019,Lou's,6.45,"1,055.47",319
2/1/2019,Post Office,20.6,"1,004.95",54
2/2/2019,8:15,4.63,"1,264.06",450
2/2/2019,Concessions,8.21,"8,436.00",2295
2/2/2019,ETC,8.01,"7,484.31",2220
2/2/2019,Passport,8.48,"1,699.99",606
2/2/2019,Concessions,8.12,"7,702.00",2036
2/2/2019,Cellar,16.41,"3,838.43",949
2/3/2019,Cellar,17.37,"4,168.06",837
2/3/2019,ETC,8.38,"10,293.18",3282
2/3/2019,Concessions,6.86,528,171
2/3/2019,Dean's Den,7.28,909.81,301
2/3/2019,8:15,4.28,"3,270.67",1174
2/3/2019,Tylers,8.74,"1,979.07",426
2/3/2019,Lou's,0,0,
2/3/2019,Concessions,8,328,109
2/4/2019,Post Office,11.88,530.36,51
2/4/2019,Tylers,7.84,"4,658.95",1104
2/4/2019,Lou's,6.1,"4,839.70",1541
2/4/2019,Cellar,15.94,"2,442.69",578
2/4/2019,8:15,4.14,"5,314.29",2038
2/4/2019,Dean's Den,7.81,960.9,310
2/4/2019,Passport,7.66,"6,054.78",1951
2/4/2019,ETC,7.32,"11,770.54",3597
2/5/2019,ETC,7.09,"11,260.40",3470
2/5/2019,Cellar,16.26,"3,108.59",672
2/5/2019,Dean's Den,7.3,"1,109.63",353
2/5/2019,Passport,6.76,"5,660.82",2106
2/5/2019,8:15,4.18,"5,409.03",2019
2/5/2019,Tylers,8.08,"5,138.62",1199
2/5/2019,Post Office,9.4,364.11,40
2/5/2019,Lou's,6.39,"4,556.95",1491
2/6/2019,Post Office,7.36,249.49,38
2/6/2019,Concessions,8.3,"3,751.00",871
2/6/2019,Lou's,5.98,"4,624.27",1518
2/6/2019,Cellar,15.77,"4,515.69",984
2/6/2019,ETC,7.17,"11,165.63",3438
2/6/2019,Dean's Den,6.33,936.79,302
2/6/2019,Tylers,7.69,"4,899.04",1163
2/6/2019,8:15,4.27,"5,372.02",2054
2/6/2019,Passport,7.08,"5,775.87",2072
2/6/2019,Concessions,8,"4,050.00",937
2/7/2019,Dean's Den,6.34,938.41,320
2/7/2019,Post Office,10.29,357.27,39
2/7/2019,Lou's,6.32,"4,173.80",1356
2/7/2019,8:15,4.29,"4,410.62",1654
2/7/2019,Tylers,8.05,"5,556.31",1333
2/7/2019,Cellar,18.31,"3,742.24",811
2/7/2019,ETC,7.18,"10,574.38",3346
2/7/2019,Passport,7.15,"5,487.35",1869
2/8/2019,8:15,4.34,"2,216.23",835
2/8/2019,Tylers,7.83,"3,813.67",926
2/8/2019,ETC,7.64,"9,156.08",2799
2/8/2019,Cellar,16.93,"5,363.19",1154
2/8/2019,Passport,7.33,"4,638.61",1683
2/8/2019,Lou's,6.25,"1,417.29",460
2/8/2019,Post Office,16.47,542.78,36
2/9/2019,Concessions,8.91,"8,450.00",1928
2/9/2019,Concessions,9.44,"8,769.00",1953
2/9/2019,8:15,4.44,"1,538.11",561
2/9/2019,ETC,7.63,"7,529.53",2364
2/9/2019,Cellar,16.09,"4,009.91",879
2/9/2019,Passport,6.98,"1,965.00",716
2/10/2019,Tylers,9.09,"2,860.65",642
2/10/2019,8:15,4.43,"4,332.95",1602
2/10/2019,Cellar,16.17,"3,289.71",761
2/10/2019,ETC,8.17,"11,232.18",3434
2/10/2019,Dean's Den,7.2,"1,180.50",407
2/11/2019,Lou's,6.3,"4,938.27",1588
2/11/2019,Dean's Den,7.58,"1,069.48",343
2/11/2019,Post Office,10.29,718.05,81
2/11/2019,Passport,7.33,"5,428.94",1881
2/11/2019,8:15,4.17,"5,544.17",2071
2/11/2019,Tylers,7.63,"5,159.55",1234
2/11/2019,Cellar,15.92,"2,732.52",671
2/11/2019,ETC,7.42,"11,624.27",3659
2/12/2019,Passport,7.14,"5,410.79",1850
2/12/2019,ETC,7.94,"11,298.58",3560
2/12/2019,Cellar,18.25,"3,202.29",769
2/12/2019,Tylers,7.93,"5,268.44",1290
2/12/2019,8:15,4.22,"5,289.37",2035
2/12/2019,Dean's Den,7.25,"1,051.21",343
2/12/2019,Lou's,6.26,"4,392.04",1380
2/12/2019,Post Office,14.08,701.49,53
2/13/2019,Lou's,6.89,"4,728.11",1531
2/13/2019,Post Office,8.36,348.15,48
2/13/2019,8:15,4.23,"5,145.02",1942
2/13/2019,ETC,7.97,"12,485.31",4089
2/13/2019,Passport,7.44,"6,123.97",2074
2/13/2019,Cellar,16.09,"4,387.97",1000
2/13/2019,Tylers,7.36,"4,845.53",1196
2/13/2019,Dean's Den,7.38,900.09,296
2/13/2019,Concessions,5.35,214,70
2/13/2019,Concessions,5.8,232,77
2/14/2019,Cellar,18.4,"3,751.91",801
2/14/2019,Passport,7.45,"5,425.15",1835
2/14/2019,Dean's Den,6.66,739.73,248
2/14/2019,Post Office,8.74,330.26,218
2/14/2019,Tylers,7.46,"4,525.86",1139
2/14/2019,ETC,7.53,"10,160.85",3106
2/14/2019,Lou's,5.99,"3,394.60",1097
2/14/2019,8:15,4.4,"4,401.75",1661
2/15/2019,Post Office,8.03,263.74,35
2/15/2019,Tylers,7.2,"4,325.71",1078
2/15/2019,8:15,4.51,"1,989.73",776
2/15/2019,ETC,7.36,"8,737.88",2698
2/15/2019,Passport,7.34,"4,222.21",1522
2/15/2019,Lou's,6.27,"1,499.23",496
2/15/2019,Cellar,16.39,"3,748.90",843
2/16/2019,Passport,8.75,"1,563.09",571
2/16/2019,ETC,7.81,"7,786.87",2346
2/16/2019,Cellar,15.8,"4,846.59",1167
2/16/2019,8:15,4.3,"1,158.99",432
2/17/2019,Tylers,8.77,"2,790.87",638
2/17/2019,Cellar,16.74,"4,194.75",975
2/17/2019,ETC,8.15,"9,323.42",2788
2/17/2019,8:15,4.39,"4,218.54",1565
2/17/2019,Dean's Den,7.55,"1,064.31",336
2/18/2019,Dean's Den,6.94,944,312
2/18/2019,Concessions,0,0,0
2/18/2019,ETC,7.28,"11,813.38",3823
2/18/2019,Passport,7.39,"5,307.43",1837
2/18/2019,8:15,4.19,"5,665.55",2138
2/18/2019,Cellar,15.14,"2,833.56",683
2/18/2019,Tylers,8.08,"5,343.25",1263
2/18/2019,Post Office,10,318.2,35
2/18/2019,Lou's,6.17,"4,871.14",1555
2/19/2019,8:15,4.27,"5,687.38",2152
2/19/2019,Concessions,4.89,621,204
2/19/2019,Cellar,17.32,"3,027.02",692
2/19/2019,Lou's,6.18,"4,651.22",1493
2/19/2019,ETC,7.01,"10,462.23",3263
2/19/2019,Dean's Den,7.06,"1,122.99",367
2/19/2019,Tylers,7.83,"5,092.85",1253
2/19/2019,Post Office,10.77,567.63,52
2/19/2019,Concessions,0,0,
2/19/2019,Passport,6.88,"5,574.50",1978
2/20/2019,Dean's Den,6.86,"1,049.98",354
2/20/2019,Lou's,6.45,"3,859.99",1231
2/20/2019,Concessions,7.67,"3,925.00",888
2/20/2019,Post Office,13.73,301.21,32
2/20/2019,Tylers,7.91,"4,406.39",1076
2/20/2019,8:15,4.17,"5,165.67",1949
2/20/2019,Cellar,15.9,"4,933.44",1039
2/20/2019,Concessions,7.87,"3,691.00",861
2/20/2019,ETC,7.6,"11,222.64",3319
2/20/2019,Passport,7.66,"4,897.12",1646
2/21/2019,8:15,4.2,"4,508.52",1716
2/21/2019,Tylers,7.68,"4,807.68",1195
2/21/2019,Concessions,7.83,180,58
2/21/2019,Concessions,4.65,307,96
2/21/2019,Passport,7.12,"5,048.53",1820
2/21/2019,ETC,7.2,"10,332.36",3232
2/21/2019,Cellar,17.52,"3,639.29",799
2/21/2019,Lou's,5.95,"3,713.13",1175
2/21/2019,Dean's Den,7.05,"1,113.58",369
2/21/2019,Post Office,20.1,539.22,31
2/21/2019,Concessions,6.81,286,95
2/22/2019,Lou's,6.44,"1,192.49",376
2/22/2019,Post Office,14.12,493.39,36
2/22/2019,8:15,4.28,"1,854.09",711
2/22/2019,ETC,7.46,"9,409.65",3165
2/22/2019,Cellar,15.43,"4,083.57",922
2/22/2019,Tylers,7.7,"3,687.65",908
2/22/2019,Passport,7.05,"3,607.09",1346
2/23/2019,ETC,7.96,"7,689.90",2222
2/23/2019,Passport,8.78,"1,624.10",586
2/23/2019,8:15,4.43,"1,330.74",484
2/23/2019,Concessions,6.16,"2,727.00",898
2/23/2019,Cellar,15.82,"4,569.27",1055
2/24/2019,Concessions,5.27,501,164
2/24/2019,Concessions,6.38,523,171
2/24/2019,Cellar,15.04,"3,156.82",749
2/24/2019,Concessions,6.8,510,168
2/24/2019,ETC,8.06,"10,489.38",3124
2/24/2019,8:15,4.21,"4,601.09",1727
2/24/2019,Dean's Den,8.28,"1,241.69",396
2/24/2019,Tylers,9.15,"3,259.48",741
2/25/2019,Cellar,16.86,"2,720.74",612
2/25/2019,ETC,7.2,"11,961.91",3578
2/25/2019,Passport,6.71,"5,230.72",1906
2/25/2019,Dean's Den,7.01,"1,009.38",340
2/25/2019,8:15,4.15,"5,875.85",2236
2/25/2019,Concessions,3.9,82,28
2/25/2019,Post Office,7.65,290.21,42
2/25/2019,Lou's,6.19,"5,172.87",1693
2/25/2019,Tylers,7.84,"5,011.19",1207
2/26/2019,Post Office,8.8,246.37,32
2/26/2019,Tylers,7.74,"5,048.02",1253
2/26/2019,8:15,4.06,"5,454.24",2110
2/26/2019,Lou's,6.15,"4,570.39",1504
2/26/2019,Cellar,17.21,"3,455.15",749
2/26/2019,ETC,7.11,"11,695.12",3695
2/26/2019,Passport,6.89,"5,607.30",1949
2/26/2019,Dean's Den,6.93,"1,060.49",313
2/27/2019,Cellar,21.16,"5,137.04",1027
2/27/2019,Passport,7.03,"5,413.68",1977
2/27/2019,Dean's Den,5.94,909.1,297
2/27/2019,Concessions,0,0,
2/27/2019,Post Office,24.08,600.2,30
2/27/2019,Tylers,7.82,"5,014.29",1211
2/27/2019,ETC,7.22,"11,351.98",3391
2/27/2019,Lou's,6.07,"4,568.71",1446
2/27/2019,8:15,4.14,"5,588.80",2183
2/28/2019,Post Office,9.29,332.88,40
2/28/2019,Passport,6.99,"5,397.35",1981
2/28/2019,8:15,4.17,"4,300.12",1681
2/28/2019,Tylers,7.77,"5,031.20",1241
2/28/2019,ETC,6.91,"10,349.14",3190
2/28/2019,Lou's,5.81,"3,880.33",1292
2/28/2019,Cellar,18.5,"4,209.91",874
2/28/2019,Dean's Den,6.54,"1,007.73",330
3/1/2019,Cellar,17.44,"3,981.07",876
3/1/2019,Post Office,10.28,367.04,45
3/1/2019,Lou's,6.23,"1,263.55",392
3/1/2019,ETC,7.97,"9,957.88",3044
3/1/2019,Tylers,7.99,"3,971.93",983
3/1/2019,Passport,7.23,"4,135.70",1534
3/1/2019,Concessions,5.73,"2,136.00",690
3/1/2019,8:15,4.19,"2,087.73",826
3/2/2019,Concessions,8.94,"11,413.00",2466
3/2/2019,Cellar,15.1,"4,771.88",1127
3/2/2019,ETC,7.79,"7,894.88",2403
3/2/2019,Passport,7.73,"1,542.79",570
3/2/2019,8:15,4.28,"1,145.38",456
3/2/2019,Concessions,4.9,377,141
3/2/2019,Concessions,8.95,"13,930.00",2982
3/3/2019,Dean's Den,7.3,"1,110.02",353
3/3/2019,Concessions,4.56,146,58
3/3/2019,Tylers,8.71,"2,902.53",630
3/3/2019,8:15,4.1,"4,018.50",1564
3/3/2019,ETC,7.97,"10,015.28",2969
3/3/2019,Cellar,16.3,"4,231.17",1038
3/3/2019,Passport,0,0,
3/4/2019,Tylers,7.87,"4,125.03",1019
3/4/2019,8:15,4.02,"5,795.33",2260
3/4/2019,Cellar,16.18,"2,408.93",556
3/4/2019,ETC,6.83,"11,217.46",3521
3/4/2019,Dean's Den,5.98,"1,063.12",368
3/4/2019,Lou's,6.37,"5,191.96",1687
3/4/2019,Post Office,14.55,580.22,41
3/4/2019,Passport,7.12,"5,652.98",2093
3/5/2019,Lou's,6.04,"4,750.85",1540
3/5/2019,Dean's Den,7.04,"1,062.50",340
3/5/2019,Post Office,13.48,457.34,39
3/5/2019,Tylers,7.52,"4,882.65",1203
3/5/2019,Cellar,16.25,"2,817.08",698
3/5/2019,8:15,4.04,"6,066.83",2329
3/5/2019,Concessions,5.72,555,185
3/5/2019,ETC,6.19,"9,644.72",3117
3/5/2019,Passport,6.57,"5,230.76",1919
3/6/2019,Passport,6.81,"4,998.01",1847
3/6/2019,8:15,4.16,"5,624.58",2240
3/6/2019,Tylers,7.47,"4,471.67",1133
3/6/2019,ETC,7.08,"10,484.55",3214
3/6/2019,Cellar,16.38,"4,526.81",1014
3/6/2019,Lou's,6.02,"4,216.72",1361
3/6/2019,Dean's Den,6.82,947.29,319
3/6/2019,Post Office,8.23,235.78,33
3/7/2019,Lou's,5.64,"3,379.50",1052
3/7/2019,Post Office,11.78,363.7,32
3/7/2019,ETC,7.28,"9,908.40",3087
3/7/2019,8:15,4.26,"4,008.45",1536
3/7/2019,Cellar,18.11,"3,181.59",707
3/7/2019,Dean's Den,5.92,940.37,322
3/7/2019,Passport,6.81,"5,278.12",1990
3/7/2019,Tylers,7.83,"5,130.40",1275
3/8/2019,Passport,6.63,"2,685.65",1056
3/8/2019,ETC,9.89,"8,631.45",2695
3/8/2019,Tylers,7.03,"1,768.04",475
3/8/2019,Lou's,6.15,786.46,238
3/8/2019,8:15,4.52,"1,185.11",466
3/8/2019,Post Office,7.21,215.95,29
3/9/2019,Concessions,8.36,"11,014.00",2993
3/9/2019,Tylers,9.53,"2,599.76",620
3/9/2019,Concessions,7.44,"1,666.00",525
3/9/2019,Concessions,8.75,"10,233.00",2725
3/10/2019,Concessions,7.35,463,146
3/10/2019,Tylers,8.59,"1,439.79",360
3/11/2019,Post Office,16.18,355.79,27
3/11/2019,8:15,4.83,303.63,115
3/11/2019,ETC,9.95,"1,355.17",411
3/12/2019,Post Office,13.5,229.18,19
3/12/2019,Concessions,5.88,147,45
3/12/2019,ETC,9.03,"1,249.80",387
3/12/2019,8:15,4.99,368.31,149
3/13/2019,Post Office,26.7,400.11,19
3/13/2019,ETC,7.59,850.5,265
3/13/2019,8:15,5.01,350.93,137
3/13/2019,Lou's,0,0,
3/14/2019,Post Office,14.11,253,25
3/14/2019,8:15,5.09,478.14,177
3/14/2019,ETC,9.87,"1,354.52",382
3/14/2019,Lou's,0,0,
3/14/2019,Passport,0,0,
3/14/2019,Cellar,21.73,482.82,69
3/15/2019,8:15,5.24,495.25,180
3/15/2019,ETC,9.41,"1,637.39",451
3/15/2019,Concessions,5.86,287,94
3/15/2019,Post Office,5.56,61.04,14
3/16/2019,Concessions,5.47,312,108
3/16/2019,Concessions,8.01,"1,561.00",472
3/16/2019,ETC,7.77,"1,602.27",500
3/17/2019,8:15,4.17,902,339
3/17/2019,ETC,9.02,"9,725.66",2764
3/17/2019,Concessions,5.13,421,140
3/18/2019,Lou's,6.32,"5,175.31",1618
3/18/2019,Concessions,4.66,163,64
3/18/2019,Dean's Den,7.1,972.77,319
3/18/2019,Post Office,13.5,619.64,51
3/18/2019,Tylers,8.34,"5,112.40",1159
3/18/2019,Passport,6.97,"5,364.33",1976
3/18/2019,ETC,7.65,"12,216.54",3651
3/18/2019,Cellar,17.27,"3,055.51",650
3/18/2019,8:15,3.94,"4,803.41",1869
3/19/2019,Cellar,16.83,"3,771.52",865
3/19/2019,ETC,7.01,"11,048.16",3352
3/19/2019,Passport,6.94,"5,430.84",2017
3/19/2019,Tylers,8.29,"5,962.75",1364
3/19/2019,8:15,4.09,"5,185.61",2008
3/19/2019,Dean's Den,6.4,946.42,324
3/19/2019,Lou's,6.01,"4,616.94",1484
3/19/2019,Post Office,10.12,403.54,41
3/20/2019,Concessions,6.04,169,56
3/20/2019,Lou's,6.78,"4,758.15",1484
3/20/2019,8:15,4.33,"5,098.42",1944
3/20/2019,Post Office,12.25,500.9,43
3/20/2019,ETC,6.87,"10,809.61",3342
3/20/2019,Cellar,16.62,"5,290.10",1129
3/20/2019,Dean's Den,6.6,876.57,307
3/20/2019,Passport,6.89,"5,446.63",1975
3/20/2019,Tylers,7.81,"5,404.91",1248
3/21/2019,Cellar,17.32,"3,248.82",684
3/21/2019,ETC,7.61,"10,791.74",3240
3/21/2019,Passport,7.45,"5,407.61",1927
3/21/2019,Dean's Den,6.7,"1,024.78",326
3/21/2019,Post Office,5.17,80.85,17
3/21/2019,Tylers,8.08,"5,750.11",1334
3/21/2019,8:15,4.22,"4,160.52",1601
3/21/2019,Lou's,6.1,"4,108.31",1307
3/22/2019,Concessions,4.59,133,49
3/22/2019,Post Office,8.86,292.07,38
3/22/2019,8:15,4.26,"2,114.28",823
3/22/2019,Lou's,6.71,"1,452.33",467
3/22/2019,Tylers,8.14,"4,619.10",1067
3/22/2019,Cellar,17.37,"3,551.39",792
3/22/2019,Passport,7.15,"4,594.61",1701
3/22/2019,ETC,7.33,"10,088.77",3082
3/23/2019,ETC,7.42,"8,027.50",2399
3/23/2019,Passport,7.67,"1,827.88",681
3/23/2019,Cellar,15.09,"5,025.74",1073
3/23/2019,Concessions,7.09,227,73
3/23/2019,8:15,4.71,"1,431.92",510
3/24/2019,ETC,7.6,"10,822.84",3236
3/24/2019,8:15,4.33,"5,036.35",1901
3/24/2019,Tylers,9.03,"3,258.13",657
3/24/2019,Concessions,7.13,806,245
3/24/2019,Dean's Den,8.07,"1,185.64",386
3/24/2019,Cellar,15.6,"3,972.05",978
3/24/2019,Concessions,5.05,313,99
3/25/2019,Dean's Den,6.45,"1,140.42",402
3/25/2019,Post Office,9.29,471.33,55
3/25/2019,Cellar,16.05,"3,062.44",736
3/25/2019,Lou's,6.21,"5,284.01",1718
3/25/2019,Passport,7.18,"5,604.06",1858
3/25/2019,Tylers,8.35,"5,836.22",1277
3/25/2019,ETC,6.99,"11,490.58",3555
3/25/2019,8:15,4.18,"5,937.64",2245
3/26/2019,Tylers,8.11,"5,969.24",1388
3/26/2019,8:15,4.44,"6,086.18",2231
3/26/2019,ETC,6.93,"11,609.40",3669
3/26/2019,Passport,7.1,"5,728.19",2021
3/26/2019,Lou's,6.3,"4,876.88",1593
3/26/2019,Cellar,17.72,"3,554.81",779
3/26/2019,Dean's Den,6.04,893,293
3/26/2019,Post Office,7.58,218.97,32
3/27/2019,Dean's Den,6.1,932.92,330
3/27/2019,Lou's,6.01,"4,618.59",1550
3/27/2019,Post Office,10.93,291.85,28
3/27/2019,Tylers,8.22,"5,175.54",1181
3/27/2019,8:15,4.29,"5,706.58",2145
3/27/2019,Cellar,16.99,"6,339.59",1345
3/27/2019,Passport,6.93,"5,564.50",2065
3/27/2019,ETC,7.46,"11,596.68",3557
3/28/2019,8:15,4.32,"4,548.80",1731
3/28/2019,Tylers,8.32,"5,651.99",1307
3/28/2019,Cellar,16.78,"3,922.26",870
3/28/2019,Dean's Den,6.61,878.42,296
3/28/2019,ETC,6.64,"9,510.61",3006
3/28/2019,Passport,7.06,"5,641.61",2006
3/28/2019,Lou's,6.15,"3,916.23",1257
3/28/2019,Post Office,14.15,491.69,36
3/29/2019,Lou's,7.31,"1,585.69",520
3/29/2019,Concessions,6.08,486,153
3/29/2019,Passport,7.17,"4,586.13",1654
3/29/2019,Tylers,8.02,"4,426.27",1041
3/29/2019,Concessions,5.1,587,184
3/29/2019,8:15,4.52,"2,325.66",896
3/29/2019,Cellar,17.36,"4,178.20",972
3/29/2019,Post Office,19.38,793.42,45
3/29/2019,ETC,7.25,"9,042.88",2825
3/30/2019,Passport,7.63,"1,963.46",760
3/30/2019,ETC,7.66,"8,960.11",2722
3/30/2019,Concessions,6.44,"1,462.00",429
3/30/2019,8:15,4.85,"1,246.60",459
3/30/2019,Cellar,14.82,"4,636.35",1016
3/30/2019,Concessions,5.65,514,159
3/31/2019,Tylers,9.83,"3,376.25",691
3/31/2019,Cellar,15.87,"3,456.78",899
3/31/2019,Dean's Den,7.76,976.18,316
3/31/2019,ETC,8.25,"10,596.55",3144
3/31/2019,8:15,4.39,"5,044.71",1873
3/31/2019,Concessions,5.67,204,67
4/1/2019,Cellar,17.35,"2,605.52",593
4/1/2019,ETC,7.08,"11,015.59",3308
4/1/2019,Dean's Den,6.51,715.31,239
4/1/2019,Passport,7.24,"5,557.21",2047
4/1/2019,Post Office,11.54,564.46,57
4/1/2019,Tylers,7.78,"4,724.52",1120
4/1/2019,8:15,4.04,"5,808.08",2258
4/1/2019,Lou's,6.36,"5,382.92",1763
4/2/2019,8:15,4.3,"5,751.59",2161
4/2/2019,Post Office,8.92,355.43,47
4/2/2019,Lou's,5.97,"5,042.73",1676
4/2/2019,ETC,6.89,"10,860.02",3315
4/2/2019,Cellar,22.49,"3,493.40",734
4/2/2019,Tylers,8.03,"5,656.59",1318
4/2/2019,Dean's Den,6.94,"1,088.33",348
4/2/2019,Passport,7.01,"5,339.17",1952
4/3/2019,Cellar,17.19,"6,320.33",1392
4/3/2019,Passport,7.12,"6,015.86",2250
4/3/2019,ETC,6.8,"10,698.35",3268
4/3/2019,Dean's Den,6.39,"1,129.87",394
4/3/2019,Tylers,8.2,"5,408.53",1261
4/3/2019,Post Office,10.1,282.15,31
4/3/2019,Lou's,6.35,"5,041.42",1648
4/3/2019,8:15,4.4,"6,200.89",2279
4/3/2019,Concessions,6.08,310,99
4/4/2019,Post Office,60.17,"2,104.86",40
4/4/2019,Passport,7.24,"5,559.91",2057
4/4/2019,Lou's,5.96,"4,039.68",1369
4/4/2019,8:15,4.47,"4,779.45",1758
4/4/2019,Cellar,17.32,"3,129.51",712
4/4/2019,ETC,7.04,"10,639.53",3270
4/4/2019,Tylers,7.43,"4,274.39",999
4/4/2019,Dean's Den,6.58,959.29,307
4/5/2019,ETC,8.38,"10,076.15",2994
4/5/2019,Passport,7.04,"3,338.00",1280
4/5/2019,Post Office,9.01,197.65,22
4/5/2019,8:15,4.56,"1,880.77",700
4/5/2019,Lou's,7.18,"1,172.20",368
4/5/2019,Cellar,17.67,"5,271.85",1195
4/5/2019,Tylers,8.18,"3,606.53",816
4/6/2019,8:15,5.17,633.13,215
4/6/2019,Passport,8.29,"1,031.27",390
4/6/2019,ETC,8.21,"7,006.38",2098
4/6/2019,Concessions,9.05,"1,539.00",443
4/7/2019,Dean's Den,7.19,940.78,321
4/7/2019,Cellar,17.07,"3,692.65",901
4/7/2019,Tylers,9.02,"2,364.79",512
4/7/2019,8:15,4.46,"4,401.13",1623
4/7/2019,ETC,8.12,"10,779.51",3162
4/8/2019,Tylers,8.04,"5,469.87",1255
4/8/2019,8:15,4.41,"5,771.17",2114
4/8/2019,ETC,7.44,"10,647.63",3187
4/8/2019,Passport,7.24,"5,591.43",1966
4/8/2019,Lou's,6.05,"5,715.59",1905
4/8/2019,Cellar,15.65,"2,414.24",600
4/8/2019,Dean's Den,5.4,792.83,283
4/8/2019,Post Office,7.62,318.79,48
4/9/2019,Lou's,6.03,"4,432.69",1492
4/9/2019,Dean's Den,6.62,"1,072.51",346
4/9/2019,Post Office,9.89,434.43,44
4/9/2019,Tylers,7.62,"5,252.29",1221
4/9/2019,8:15,4.26,"5,708.29",2108
4/9/2019,Cellar,18.81,"3,727.10",828
4/9/2019,Passport,7.05,"5,665.96",2038
4/9/2019,ETC,7.76,"12,444.09",3684
4/10/2019,Passport,7.03,"5,520.01",2080
4/10/2019,Tylers,8.04,"4,738.45",1142
4/10/2019,Cellar,19.28,"5,968.82",1292
4/10/2019,Lou's,6.22,"4,662.64",1491
4/10/2019,Dean's Den,5.83,859.65,293
4/10/2019,ETC,7.86,"11,344.72",3378
4/10/2019,Post Office,20.83,769.43,40
4/10/2019,8:15,4.36,"5,515.44",2057
4/11/2019,Lou's,6.01,"3,354.43",1080
4/11/2019,Cellar,17.08,"3,557.31",764
4/11/2019,Passport,7.41,"5,598.38",2033
4/11/2019,ETC,11.24,"17,204.31",5073
4/11/2019,8:15,4.49,"4,403.39",1624
4/11/2019,Tylers,7.39,"3,969.33",994
4/11/2019,Post Office,8.82,343.99,42
4/11/2019,Dean's Den,7.03,821.26,278
4/12/2019,Concessions,4.68,304,96
4/12/2019,Passport,7.46,"3,326.27",1229
4/12/2019,ETC,11.17,"12,812.67",3647
4/12/2019,Cellar,16.84,"2,604.06",612
4/12/2019,Tylers,7.21,"3,364.39",832
4/12/2019,Lou's,6.43,755.17,244
4/12/2019,Post Office,10.46,470,53
4/12/2019,8:15,4.68,"1,679.98",631
4/13/2019,8:15,4.61,909.37,323
4/13/2019,Cellar,15.38,"2,338.98",617
4/13/2019,ETC,8.65,"6,509.00",1818
4/13/2019,Passport,8.17,"1,147.98",421
4/14/2019,Cellar,16.75,"2,516.02",659
4/14/2019,ETC,8.46,"8,531.14",2462
4/14/2019,Dean's Den,6.92,835.78,305
4/14/2019,Tylers,9.07,"2,234.62",503
4/14/2019,8:15,4.51,"3,454.88",1257
4/15/2019,Post Office,7.46,737.29,123
4/15/2019,Lou's,5.96,"4,890.74",1627
4/15/2019,8:15,4.24,"5,767.29",2222
4/15/2019,ETC,7.94,"10,746.11",3179
4/15/2019,Cellar,17.81,"3,117.75",692
4/15/2019,Tylers,7.94,"4,170.37",999
4/15/2019,Dean's Den,6.28,758.18,254
4/15/2019,Passport,7.41,"5,512.42",1927
4/16/2019,Cellar,20.37,"3,441.48",764
4/16/2019,Dean's Den,5.94,835.74,278
4/16/2019,Post Office,15.42,877.33,62
4/16/2019,ETC,7.2,"10,242.90",3120
4/16/2019,Passport,7.38,"4,738.03",1764
4/16/2019,Lou's,6.19,"5,075.96",1666
4/16/2019,Tylers,7.84,"4,866.43",1205
4/16/2019,8:15,4.27,"6,253.55",2441
4/17/2019,Post Office,9.12,263.79,43
4/17/2019,Passport,7.17,"5,911.39",2208
4/17/2019,Lou's,6.07,"3,987.83",1303
4/17/2019,Cellar,18.58,"5,348.05",1069
4/17/2019,ETC,7.7,"10,831.30",3120
4/17/2019,8:15,4.46,"6,108.51",2319
4/17/2019,Dean's Den,6.89,949.1,337
4/17/2019,Tylers,8.08,"5,018.77",1223
4/17/2019,Concessions,6.28,182,58
4/18/2019,Dean's Den,6.52,709.6,237
4/18/2019,8:15,4.58,"4,993.64",1875
4/18/2019,Passport,7.47,"5,770.93",2117
4/18/2019,ETC,7.82,"11,544.26",3423
4/18/2019,Post Office,13,479.22,45
4/18/2019,Lou's,6.09,"3,570.83",1136
4/18/2019,Cellar,22.95,"4,411.78",923
4/18/2019,Tylers,8.08,"4,478.60",1115
4/19/2019,Tylers,8.17,"3,318.59",826
4/19/2019,8:15,4.57,"1,917.20",708
4/19/2019,Cellar,18.09,"3,605.48",838
4/19/2019,Concessions,6.92,609,192
4/19/2019,ETC,9.29,"9,660.61",2639
4/19/2019,Passport,7.62,"4,184.21",1599
4/19/2019,Post Office,10.35,236.31,26
4/19/2019,Lou's,7.11,"1,156.58",351
4/20/2019,Concessions,5.96,"1,263.00",399
4/20/2019,Concessions,7.62,"2,004.00",588
4/20/2019,Passport,8.3,"1,686.02",624
4/20/2019,Cellar,18.78,"2,832.66",582
4/20/2019,8:15,4.85,"1,264.18",452
4/20/2019,ETC,8.39,"7,124.36",2038
4/21/2019,Tylers,8.89,"1,847.09",412
4/21/2019,8:15,4.33,"4,097.29",1505
4/21/2019,ETC,9.34,"9,522.78",2708
4/21/2019,Concessions,5.63,557,176
4/21/2019,Cellar,16.35,"2,652.99",668
4/21/2019,Dean's Den,6.37,704.28,231
4/22/2019,Lou's,6.24,"5,014.94",1593
4/22/2019,Post Office,8.87,309.28,39
4/22/2019,ETC,8.26,"11,019.65",3215
4/22/2019,8:15,4.3,"6,167.45",2385
4/22/2019,Passport,7.21,"5,328.65",1848
4/22/2019,Tylers,7.84,"4,046.38",988
4/22/2019,Dean's Den,7.34,679.99,220
4/22/2019,Cellar,19.43,"2,985.81",706
4/23/2019,Passport,7.08,"4,983.23",1852
4/23/2019,Cellar,19.85,"3,204.92",667
4/23/2019,ETC,7.02,"9,056.18",2761
4/23/2019,8:15,4.31,"5,889.56",2229
4/23/2019,Tylers,7.76,"4,058.06",994
4/23/2019,Dean's Den,5.62,605.42,202
4/23/2019,Lou's,6.02,"3,579.77",1179
4/23/2019,Post Office,6.98,272.01,42
4/24/2019,Concessions,5.57,379,119
4/24/2019,8:15,4.33,"5,840.12",2192
4/24/2019,ETC,8.4,"11,003.52",3153
4/24/2019,Cellar,18.5,"6,089.59",1153
4/24/2019,Passport,7.18,"5,571.52",2036
4/24/2019,Tylers,7.67,"4,193.43",1031
4/24/2019,Post Office,13.62,435.23,32
4/24/2019,Lou's,5.94,"4,133.89",1335
4/24/2019,Dean's Den,6.14,655.52,223
4/25/2019,Cellar,20.65,"3,651.09",746
4/25/2019,Passport,7.52,"5,216.52",1923
4/25/2019,ETC,10.04,"12,379.74",3550
4/25/2019,Dean's Den,5.99,800.48,262
4/25/2019,Post Office,22.25,577.84,33
4/25/2019,8:15,4.5,"4,640.14",1779
4/25/2019,Lou's,6.24,"3,154.37",1010
4/25/2019,Tylers,7.37,"3,529.37",896
4/26/2019,Post Office,32.44,616.27,19
4/26/2019,Tylers,7.97,"2,752.23",712
4/26/2019,Lou's,6.65,"1,194.10",375
4/26/2019,8:15,4.63,"2,464.51",943
4/26/2019,Cellar,19.28,"2,684.51",568
4/26/2019,Passport,7.49,"3,497.21",1302
4/26/2019,ETC,8.2,"7,829.37",2334
4/27/2019,ETC,8.18,"8,173.66",2401
4/27/2019,Cellar,15.58,"3,026.66",729
4/27/2019,Passport,7.52,"1,980.83",770
4/27/2019,8:15,4.77,"2,627.95",1031
4/28/2019,ETC,7.92,"9,170.86",2732
4/28/2019,8:15,4.55,"5,098.54",1957
4/28/2019,Dean's Den,6.53,481.01,176
4/28/2019,Cellar,21.63,"2,548.78",606
4/28/2019,Tylers,8.47,"1,803.19",404
4/29/2019,Dean's Den,5.6,540.42,183
4/29/2019,Post Office,13.05,468.08,55
4/29/2019,ETC,9.05,"12,234.82",3467
4/29/2019,Tylers,8.18,"3,772.46",927
4/29/2019,Cellar,18.28,"1,254.37",314
4/29/2019,Passport,7.36,"4,154.26",1599
4/29/2019,Lou's,6.53,"3,013.74",970
4/29/2019,8:15,4.4,"5,752.02",2241
4/30/2019,Tylers,8.11,"3,465.45",859
4/30/2019,8:15,4.33,"5,835.54",2292
4/30/2019,ETC,8.04,"10,198.53",3019
4/30/2019,Cellar,15.42,"1,136.60",321
4/30/2019,Passport,7.63,"3,899.19",1452
4/30/2019,Dean's Den,6.2,560.91,193
4/30/2019,Lou's,6.4,"2,572.60",838
4/30/2019,Post Office,10.58,369.96,39
5/1/2019,Lou's,6.35,"2,367.16",754
5/1/2019,Dean's Den,6.28,605.74,203
5/1/2019,8:15,4.59,"5,391.62",2019
5/1/2019,Post Office,14.14,622.12,46
5/1/2019,Passport,7.32,"3,991.87",1557
5/1/2019,ETC,10.99,"12,767.10",3336
5/1/2019,Cellar,18.02,"1,158.67",291
5/1/2019,Tylers,7.78,"3,326.91",843
5/2/2019,Tylers,8.13,"3,052.72",780
5/2/2019,8:15,4.6,"4,904.93",1845
5/2/2019,Cellar,21.05,"1,096.97",269
5/2/2019,Passport,7.96,"3,943.99",1444
5/2/2019,ETC,12.61,"14,735.54",3892
5/2/2019,Dean's Den,5.98,416.37,140
5/2/2019,Lou's,6.73,"1,927.24",603
5/2/2019,Post Office,25.67,897.47,41
5/3/2019,Lou's,6.37,732,219
5/3/2019,Concessions,5.35,182,59
5/3/2019,Dean's Den,18.35,751.18,189
5/3/2019,Post Office,27.4,"1,911.27",78
5/3/2019,Passport,7.81,"3,083.32",1216
5/3/2019,Tylers,8.58,"3,534.70",901
5/3/2019,8:15,4.75,"2,194.59",844
5/3/2019,ETC,19.23,"21,523.37",5693
5/4/2019,ETC,23.36,"26,666.43",7838
5/4/2019,Passport,8.76,"2,106.51",789
5/4/2019,Concessions,5.57,301,92
5/5/2019,Concessions,4.92,187,60
5/5/2019,ETC,16.12,"5,006.72",1551
5/6/2019,ETC,9.3,"1,350.98",402
5/6/2019,Passport,7.66,"1,133.52",428
5/6/2019,Post Office,16.41,622.85,43
5/6/2019,8:15,5.36,373.82,130
5/7/2019,Concessions,7.09,78,25
5/7/2019,8:15,4.77,282.57,101
5/7/2019,ETC,11.43,"1,555.49",432
5/7/2019,Passport,8.45,"1,013.82",403
5/7/2019,Post Office,10.99,306.8,30
5/8/2019,ETC,10.35,"1,581.24",508
5/8/2019,Post Office,17.94,573.68,34
5/8/2019,8:15,5.04,334.19,116
5/8/2019,Passport,8.07,"1,027.08",410
5/9/2019,Post Office,31.03,"1,022.98",36
5/9/2019,Passport,7.45,"1,189.75",482
5/9/2019,8:15,5.91,486.96,167
5/9/2019,ETC,15.89,"3,311.48",827
5/10/2019,Post Office,14.76,486.64,37
5/10/2019,Passport,7.86,"1,176.68",478
5/10/2019,ETC,15.53,"3,404.24",898
5/10/2019,8:15,5.57,426.11,163
5/11/2019,ETC,16.84,"3,925.24",984
5/12/2019,Concessions,5.81,"2,539.00",855
5/12/2019,ETC,12.32,"2,229.46",693
5/12/2019,Concessions,6.61,"3,399.00",1142
5/13/2019,Tylers,8.6,"1,886.07",509
5/13/2019,8:15,4.99,430.19,166
5/13/2019,ETC,10.85,"1,902.41",528
5/13/2019,Post Office,29.61,946.42,38
5/14/2019,Post Office,26.45,528.28,27
5/14/2019,8:15,4.6,297.74,111
5/14/2019,ETC,6.53,574.65,171
5/14/2019,Tylers,7.66,"1,654.97",427
5/15/2019,8:15,4.64,386.2,152
5/15/2019,Tylers,7.93,"1,623.78",419
5/15/2019,ETC,7.48,497.07,163
5/15/2019,Post Office,39.37,472.2,14
5/16/2019,Concessions,5.87,176,57
5/16/2019,Post Office,17.09,307.14,19
5/16/2019,Tylers,8.67,"1,748.01",496
5/16/2019,ETC,6.7,532.17,154
5/16/2019,8:15,6.03,415.27,118
5/17/2019,Tylers,8.22,"1,507.80",403
5/17/2019,ETC,5.63,367.48,127
5/17/2019,Concessions,4.89,176,57
5/17/2019,8:15,5.12,405.83,155
5/17/2019,Post Office,15.52,217.3,14
5/18/2019,Concessions,6.42,411,130
5/18/2019,Tylers,8.75,472.33,120
5/18/2019,ETC,8.64,444.35,144
5/19/2019,Tylers,10.48,796.84,214
5/19/2019,ETC,11.43,628.06,162
5/20/2019,Post Office,13.57,298.32,24
5/20/2019,Tylers,7.07,549.63,154
5/20/2019,8:15,3.83,263.58,105
5/20/2019,ETC,8.87,"1,458.35",410
5/20/2019,Passport,6.4,614.72,228
5/21/2019,Post Office,20.24,485.57,29
5/21/2019,Tylers,7.04,737.66,202
5/21/2019,ETC,8.05,"1,282.07",372
5/21/2019,8:15,3.98,246.63,101
5/21/2019,Passport,6.91,818.13,334
5/22/2019,Post Office,26.59,398.73,16
5/22/2019,Tylers,7.18,789.1,215
5/22/2019,ETC,7.36,976.13,304
5/22/2019,Passport,6.3,650.48,257
5/22/2019,8:15,4.81,336.29,133
5/23/2019,Post Office,14.49,260.42,18
5/23/2019,8:15,4.9,246.66,92
5/23/2019,Passport,6.37,582.19,208
5/23/2019,ETC,7.5,948.17,282
5/23/2019,Tylers,8.69,527.65,124
5/24/2019,Tylers,6.56,525.73,153
5/24/2019,8:15,4.67,249.74,98
5/24/2019,ETC,6.87,"1,072.77",337
5/24/2019,Post Office,12.61,201.37,18
5/24/2019,Passport,7.26,698.73,260
5/25/2019,ETC,8.22,393,120
5/26/2019,ETC,12.11,652.2,173
5/27/2019,Tylers,8.12,763.1,183
5/28/2019,Cellar,0,0,1
5/28/2019,ETC,8.2,"1,503.60",461
5/28/2019,Passport,6.74,666.81,264
5/28/2019,8:15,4.41,333.65,134
5/28/2019,Tylers,6.78,623.79,179
5/28/2019,Post Office,20.1,481.67,29
5/29/2019,Post Office,11.79,223.77,22
5/29/2019,Tylers,4.08,173.08,72
5/29/2019,Passport,6.52,262.13,95
5/29/2019,8:15,4.84,332.12,133
5/29/2019,ETC,8.91,967.1,267
5/30/2019,Passport,7.34,786.77,278
5/30/2019,ETC,6.98,"1,111.78",350
5/30/2019,8:15,4.33,320.68,123
5/30/2019,Tylers,6.78,823.81,231
5/30/2019,Post Office,8.27,132.24,18
5/31/2019,Post Office,15.05,165.55,11
5/31/2019,8:15,4.61,356.05,144
5/31/2019,Tylers,7.94,994.12,297
5/31/2019,ETC,6.29,961.86,320
5/31/2019,Passport,8.1,913.45,305
6/1/2019,ETC,7.68,943.27,297
6/2/2019,ETC,8.84,871.39,262
6/3/2019,Post Office,6.45,128.93,21
6/3/2019,8:15,5.36,288.39,111
6/3/2019,Passport,6.66,723.32,265
6/3/2019,ETC,6.6,"1,204.58",387
6/3/2019,Tylers,6.7,617.95,175
6/4/2019,8:15,4.46,323.23,124
6/4/2019,Tylers,7.4,906.23,255
6/4/2019,ETC,7.05,"1,161.56",382
6/4/2019,Passport,6.45,810.67,297
6/4/2019,Post Office,15.75,173.3,18
6/5/2019,Post Office,21.57,301.74,17
6/5/2019,Tylers,6.95,846.6,229
6/5/2019,8:15,4.93,350.34,129
6/5/2019,Passport,6.48,703.16,268
6/5/2019,ETC,7.39,"1,261.44",376
6/6/2019,Tylers,6.59,633.88,183
6/6/2019,8:15,4.85,346.83,131
6/6/2019,ETC,7.65,"1,163.67",349
6/6/2019,Post Office,20.91,334.63,17
6/6/2019,Passport,7.27,797.92,279
6/7/2019,Post Office,6.41,32.05,5
6/7/2019,Passport,6.78,466.02,148
6/7/2019,8:15,4.94,241.23,87
6/7/2019,Tylers,7.91,769.56,232
6/7/2019,ETC,7.78,"1,608.52",493
6/8/2019,ETC,7.08,846.9,293
6/8/2019,Tylers,0,0,
6/9/2019,ETC,9.44,489.38,157
6/10/2019,ETC,7.45,"1,452.07",463
6/10/2019,Passport,6.38,721.31,256
6/10/2019,Post Office,36.83,"1,067.81",33
6/10/2019,Tylers,6.68,818.25,246
6/10/2019,8:15,4.28,264.58,99
6/11/2019,Post Office,9.98,238.75,34
6/11/2019,Tylers,7.96,892.78,237
6/11/2019,Passport,6.35,636.4,228
6/11/2019,8:15,4.37,365.85,143
6/11/2019,ETC,7.81,"1,482.57",468
6/12/2019,ETC,7.83,"1,192.53",358
6/12/2019,Passport,6.62,807.78,288
6/12/2019,Tylers,7.24,932.8,268
6/12/2019,8:15,4.2,318.49,126
6/12/2019,Post Office,86.05,"2,408.34",33
6/13/2019,Post Office,13.54,324.41,27
6/13/2019,8:15,4.84,401.17,157
6/13/2019,Passport,7.28,681.35,237
6/13/2019,Tylers,6.19,733.75,213
6/13/2019,ETC,6.47,"1,040.29",346
6/14/2019,Post Office,14.81,236.85,16
6/14/2019,Passport,7.12,778.02,298
6/14/2019,Tylers,8.28,952.38,262
6/14/2019,ETC,8.42,"1,456.04",463
6/14/2019,8:15,5.31,301.96,110
6/15/2019,ETC,9.39,719.87,217
6/16/2019,ETC,10.46,815.22,217
6/17/2019,8:15,4.6,421.94,171
6/17/2019,Tylers,6.58,854.13,258
6/17/2019,ETC,7.51,"1,456.82",441
6/17/2019,Passport,6.59,844,325
6/17/2019,Post Office,26.01,546.03,23
6/18/2019,Post Office,16.75,368.57,27
6/18/2019,Tylers,7.8,"1,072.87",311
6/18/2019,8:15,4.61,442.18,160
6/18/2019,Passport,7.14,853.51,316
6/18/2019,ETC,7.39,"1,272.22",386
6/19/2019,Passport,7.15,805.03,273
6/19/2019,ETC,5.84,921.87,304
6/19/2019,Tylers,7.06,790.71,247
6/19/2019,8:15,5.09,379.21,147
6/19/2019,Post Office,8.74,201.13,24
6/20/2019,Post Office,8.06,177.14,24
6/20/2019,ETC,8.3,"1,616.62",525
6/20/2019,Passport,7.79,738.72,262
6/20/2019,Tylers,7.46,896.58,262
6/20/2019,8:15,5.12,327.66,107
6/21/2019,Passport,7.58,727.92,262
6/21/2019,ETC,8.87,"1,255.02",395
6/21/2019,Tylers,7.69,"1,060.57",304
6/21/2019,Post Office,17.05,221.63,15
6/21/2019,8:15,4.9,326.03,117
6/22/2019,ETC,12.93,"1,133.76",322
6/23/2019,ETC,8.3,585.71,207
6/24/2019,Post Office,11.23,213.44,19
6/24/2019,Passport,6.48,651.54,231
6/24/2019,Tylers,8.34,"1,008.88",287
6/24/2019,8:15,4.66,304.1,116
6/24/2019,ETC,8.05,"1,384.08",432
6/25/2019,Passport,8.09,905.1,331
6/25/2019,ETC,7.13,"1,306.64",401
6/25/2019,8:15,5.05,341.56,125
6/25/2019,Tylers,7.79,942.37,252
6/25/2019,Post Office,6.03,60.15,11
6/26/2019,Post Office,12.82,230.64,20
6/26/2019,ETC,6.35,"1,172.85",382
6/26/2019,8:15,4.39,292.87,115
6/26/2019,Passport,7.19,681.5,252
6/26/2019,Tylers,7.57,"1,167.56",326
6/27/2019,Post Office,8.85,123.87,15
6/27/2019,Tylers,7.91,"1,079.26",298
6/27/2019,Passport,7.22,623.7,230
6/27/2019,8:15,4.72,307.73,113
6/27/2019,ETC,7,"1,160.36",374
6/28/2019,Tylers,8.04,"1,207.93",334
6/28/2019,8:15,4.83,320.76,124
6/28/2019,Passport,7.06,457.9,164
6/28/2019,ETC,7.79,"1,735.53",569
6/28/2019,Post Office,16.14,161.4,10
6/29/2019,ETC,5.98,910.76,314
6/30/2019,ETC,8.35,"1,030.27",316
7/1/2019,Post Office,11.45,274.63,27
7/1/2019,Tylers,7.63,"1,156.04",307
7/1/2019,Passport,7.27,755.92,276
7/1/2019,ETC,7.15,"2,013.12",691
7/1/2019,8:15,4.71,363.07,136
7/2/2019,Passport,6.95,853.51,256
7/2/2019,ETC,7.23,"1,712.53",559
7/2/2019,8:15,4.39,256.02,97
7/2/2019,Tylers,8.2,"1,149.74",306
7/2/2019,Post Office,9.18,165.15,21
7/3/2019,Post Office,9.27,148.27,16
7/3/2019,Tylers,7.3,971.44,267
7/3/2019,ETC,7.71,"1,666.39",549
7/3/2019,8:15,4.73,175.04,68
7/3/2019,Passport,6.47,554.58,210
7/5/2019,8:15,3.97,141.89,55
7/5/2019,Post Office,5.31,36.92,7
7/5/2019,ETC,11.57,"1,532.14",434
7/5/2019,Passport,8.5,393.56,124
7/5/2019,Tylers,6.93,590.01,169
7/6/2019,ETC,9.73,629.95,194
7/7/2019,ETC,10,796.96,212
7/8/2019,8:15,4.8,366.18,137
7/8/2019,Passport,8.22,817.68,289
7/8/2019,ETC,7.89,"1,506.87",459
7/8/2019,Post Office,8.18,196.18,26
7/8/2019,Tylers,7.9,847.29,241
7/9/2019,8:15,5.17,327.59,120
7/9/2019,Tylers,8.07,"1,155.39",321
7/9/2019,ETC,8.64,"1,586.40",461
7/9/2019,Passport,6.7,800.53,306
7/9/2019,Post Office,5.99,95.23,17
7/10/2019,Post Office,16.8,235.04,18
7/10/2019,Tylers,7.63,"1,111.66",338
7/10/2019,Passport,8.12,893.55,301
7/10/2019,8:15,4.39,306.81,111
7/10/2019,ETC,8.67,"1,845.41",554
7/11/2019,Tylers,6.63,"1,002.91",311
7/11/2019,8:15,4.48,477.55,178
7/11/2019,Passport,7.72,897.34,332
7/11/2019,ETC,9.24,"1,740.55",512
7/11/2019,Post Office,12.78,217.09,24
7/12/2019,Post Office,31.71,443.9,16
7/12/2019,Tylers,7.44,"1,055.28",318
7/12/2019,8:15,4.44,350.47,132
7/12/2019,Passport,7.4,469.34,166
7/12/2019,ETC,8.84,"1,572.75",500
7/13/2019,ETC,9.81,"1,123.04",349
7/14/2019,ETC,11.17,912.08,248
7/15/2019,ETC,9.39,"1,906.79",568
7/15/2019,Passport,7.84,"1,095.46",400
7/15/2019,Post Office,10.03,140.27,14
7/15/2019,Tylers,8.16,"1,025.91",277
7/15/2019,8:15,4.48,290.14,109
7/16/2019,Post Office,14.08,197.17,15
7/16/2019,Tylers,7.25,"1,012.33",268
7/16/2019,8:15,4.65,332.11,126
7/16/2019,Passport,7.6,919.47,337
7/16/2019,ETC,7.45,"1,153.90",397
7/17/2019,ETC,8.21,"1,419.87",454
7/17/2019,Passport,7.09,934.83,330
7/17/2019,Post Office,21,377.86,18
7/17/2019,Tylers,7.42,"1,168.29",335
7/17/2019,8:15,4.13,374.86,154
7/18/2019,Post Office,16,223.97,14
7/18/2019,Passport,7.69,923.43,318
7/18/2019,ETC,8.54,"1,350.70",417
7/18/2019,8:15,5.06,506.09,173
7/18/2019,Tylers,6.66,"1,068.43",321
7/19/2019,Post Office,19.83,337.11,21
7/19/2019,ETC,12.1,"1,869.77",525
7/19/2019,Tylers,7.74,"1,057.74",329
7/19/2019,Passport,8.41,896.89,324
7/19/2019,8:15,4.41,358.97,136
7/20/2019,ETC,11.83,872.71,283
7/21/2019,ETC,20.92,"1,733.25",413
7/22/2019,Tylers,8.48,"1,331.00",369
7/22/2019,8:15,4.78,380.89,140
7/22/2019,ETC,10.25,"1,274.55",381
7/22/2019,Post Office,88.15,"1,145.58",15
7/23/2019,Post Office,12.2,183.03,18
7/23/2019,Tylers,9.25,"1,420.85",400
7/23/2019,Passport,0,0,
7/23/2019,8:15,4.32,343.06,133
7/23/2019,ETC,8.8,"1,050.15",293
7/24/2019,ETC,17.21,"2,693.98",666
7/24/2019,Tylers,8.29,"1,464.47",420
7/24/2019,8:15,4.71,410.92,162
7/24/2019,Post Office,7.65,76.48,12
7/25/2019,Post Office,17.51,490.37,32
7/25/2019,ETC,20.67,"3,673.03",946
7/25/2019,8:15,4.62,345.64,133
7/25/2019,Tylers,7.73,"1,285.98",372
7/26/2019,ETC,20.97,"3,057.04",832
7/26/2019,Post Office,12.21,195.27,18
7/26/2019,Tylers,7.8,"1,047.93",303
7/26/2019,8:15,4.79,310.49,123
7/29/2019,Post Office,14.75,324.12,26
7/29/2019,Passport,6.67,524.47,183
7/29/2019,ETC,8.18,568.72,162
7/29/2019,8:15,4.26,239.51,88
7/30/2019,Concessions,0,0,
7/30/2019,Post Office,9.04,125.98,19
7/30/2019,Passport,7.62,700,251
7/30/2019,ETC,11.03,863.19,236
7/30/2019,8:15,4.89,337.45,130
7/31/2019,Post Office,30.56,458.46,17
7/31/2019,Passport,6.76,468.01,160
7/31/2019,ETC,7.66,584.28,191
7/31/2019,8:15,4.66,282.7,107
8/1/2019,Post Office,39.62,712.96,21
8/1/2019,8:15,4.43,288.65,117
8/1/2019,ETC,9.38,790.59,241
8/1/2019,Passport,8.02,447.57,152
8/2/2019,8:15,4.44,111.51,48
8/2/2019,Passport,6.51,48.77,19
8/2/2019,Post Office,28.68,57.35,2
8/2/2019,ETC,4.29,119.04,51
8/5/2019,Post Office,8.39,158.92,27
8/5/2019,Passport,6.11,377.08,152
8/5/2019,Tylers,6.61,504.59,166
8/5/2019,ETC,5.17,422.62,143
8/6/2019,Passport,6.85,674.58,257
8/6/2019,ETC,7.09,418.59,130
8/6/2019,Tylers,7.25,667.7,212
8/6/2019,Post Office,11.15,166.93,20
8/7/2019,Post Office,17.62,352.41,23
8/7/2019,Tylers,6.47,529.58,177
8/7/2019,ETC,8.56,423.59,131
8/7/2019,Passport,7.03,481.54,180
8/8/2019,Passport,7.34,527.3,200
8/8/2019,ETC,5.19,341.69,117
8/8/2019,Post Office,9.04,117.53,13
8/8/2019,Tylers,7.71,708.84,220
8/9/2019,Post Office,12.45,124.13,15
8/9/2019,Tylers,6.55,560.92,184
8/9/2019,ETC,8.96,574.93,178
8/9/2019,Passport,7.25,591,238
8/9/2019,Cellar,0,0,
8/12/2019,Post Office,13.05,272.79,26
8/12/2019,8:15,3.99,185.89,70
8/12/2019,Cellar,0,0,
8/12/2019,Passport,7.96,469.8,163
8/12/2019,ETC,6.18,427.71,139
8/12/2019,Tylers,7.22,485.76,142
8/13/2019,8:15,5.41,256.54,94
8/13/2019,ETC,5.23,383.65,126
8/13/2019,Passport,7.32,608.87,241
8/13/2019,Cellar,0,0,
8/13/2019,Post Office,19.63,215.97,13
8/14/2019,Post Office,13.43,187.25,20
8/14/2019,8:15,4.61,237.94,86
8/14/2019,Tylers,6.28,553.18,164
8/14/2019,ETC,8.97,547.88,152
8/14/2019,Passport,7.41,375.01,143
8/15/2019,Tylers,6.58,560.98,177
8/15/2019,8:15,4.28,129.31,52
8/15/2019,Passport,6.85,449.07,192
8/15/2019,Post Office,35.2,422.37,13
8/15/2019,ETC,8,479.02,148
8/16/2019,ETC,6.21,577.84,175
8/16/2019,Passport,7.84,485.37,165
8/16/2019,Post Office,20.28,283.97,17
8/16/2019,8:15,4.14,211.37,84
8/16/2019,Tylers,7.37,590.87,200
8/18/2019,Tylers,7.85,538.98,155
8/18/2019,ETC,6.68,429.64,147
8/19/2019,Passport,6,662.61,266
8/19/2019,ETC,8.93,"1,383.83",339
8/19/2019,Concessions,0,0,
8/19/2019,8:15,4.48,310.21,110
8/19/2019,Tylers,7.58,735.36,204
8/19/2019,Post Office,20.91,605.11,37
8/20/2019,Post Office,7.11,156.36,22
8/20/2019,8:15,4.16,318.02,122
8/20/2019,Tylers,7.78,865.55,240
8/20/2019,ETC,9.07,"1,717.53",397
8/20/2019,Passport,6.73,770.3,305
8/21/2019,Passport,5.75,969.83,393
8/21/2019,ETC,7.93,"2,406.70",637
8/21/2019,Post Office,6.44,70.82,10
8/21/2019,Tylers,8.62,"2,326.07",639
8/21/2019,Lou's,0,0,
8/21/2019,8:15,4.16,413.12,162
8/22/2019,Post Office,12.83,191.58,15
8/22/2019,ETC,7.5,"3,130.64",809
8/22/2019,Passport,6.89,"1,298.88",490
8/22/2019,8:15,4.38,498.12,202
8/22/2019,Tylers,9.23,"1,848.00",515
8/22/2019,Lou's,0,0,
8/23/2019,Post Office,8.14,145.76,22
8/23/2019,Cellar,0,0,
8/23/2019,ETC,9.47,"4,099.89",1042
8/23/2019,8:15,4.57,565.62,227
8/23/2019,Tylers,7.66,"1,353.21",357
8/23/2019,Passport,6.72,"1,432.13",544
8/24/2019,ETC,10.31,"8,015.72",2007
8/25/2019,Lou's,0,0,
8/25/2019,Tylers,8.57,"2,345.54",564
8/25/2019,8:15,0,0,
8/25/2019,ETC,11.03,"10,318.12",2603
8/26/2019,Tylers,7.82,"4,874.39",1102
8/26/2019,8:15,4,"2,675.64",1020
8/26/2019,Passport,6.71,"4,079.70",1393
8/26/2019,ETC,8.53,"8,619.38",2254
8/26/2019,Lou's,6.23,"2,621.74",818
8/26/2019,Cellar,0,0,3
8/26/2019,Dean's Den,6.29,377.32,113
8/26/2019,Post Office,10.13,422.9,48
8/27/2019,Lou's,5.79,"2,284.92",709
8/27/2019,Concessions,0,0,
8/27/2019,Dean's Den,7.55,317.07,101
8/27/2019,Post Office,8.29,174.12,21
8/27/2019,Passport,6.76,"4,238.54",1564
8/27/2019,8:15,4.11,"3,123.26",1175
8/27/2019,Tylers,8.06,"5,373.52",1231
8/27/2019,Concessions,0,0,
8/27/2019,ETC,7.7,"7,612.31",2128
8/27/2019,Cellar,0,8.99,
8/28/2019,Passport,6.44,"3,764.10",1345
8/28/2019,ETC,7.15,"7,404.61",2203
8/28/2019,8:15,4.18,"3,207.02",1196
8/28/2019,Dean's Den,5.82,261.7,82
8/28/2019,Cellar,0,0,
8/28/2019,Tylers,7.79,"5,705.88",1314
8/28/2019,Lou's,5.73,"2,052.66",626
8/28/2019,Post Office,8.74,191.79,23
8/29/2019,Lou's,5.99,"2,407.97",723
8/29/2019,Concessions,7.79,"4,915.00",1336
8/29/2019,ETC,7.2,"7,211.61",2048
8/29/2019,Passport,7.07,"4,376.60",1478
8/29/2019,Concessions,8.75,"8,898.00",2403
8/29/2019,Post Office,7.65,183.25,27
8/29/2019,8:15,4.13,"2,866.62",1097
8/29/2019,Tylers,7.62,"5,523.95",1266
8/29/2019,Dean's Den,6.73,497.71,143
8/29/2019,Cellar,37.4,448.76,67
8/30/2019,ETC,7.26,"6,480.07",1851
8/30/2019,Passport,7.32,"3,904.19",1349
8/30/2019,Cellar,16.42,"3,876.20",862
8/30/2019,Post Office,22.2,485.87,27
8/30/2019,8:15,4.45,"1,312.86",477
8/30/2019,Tylers,8.29,"5,601.22",1266
8/30/2019,Lou's,6.15,773.6,247
8/31/2019,Cellar,14.26,"3,745.15",838
8/31/2019,Passport,8.54,785.89,290
8/31/2019,8:15,4.85,"1,063.66",384
8/31/2019,ETC,7.76,"6,441.06",1772
9/1/2019,ETC,7.79,"7,261.14",2040
9/1/2019,8:15,4.19,"3,062.77",1149
9/1/2019,Tylers,9.01,"2,672.45",564
9/1/2019,Cellar,15.77,"3,265.82",868
9/1/2019,Dean's Den,6.63,517.15,153
9/2/2019,Lou's,6.28,"2,758.28",820
9/2/2019,Passport,7.39,"4,827.58",1628
9/2/2019,8:15,4.09,"3,777.39",1415
9/2/2019,Tylers,8.19,"5,745.15",1302
9/2/2019,Cellar,16.38,"2,895.52",682
9/2/2019,ETC,7.92,"8,911.29",2405
9/2/2019,Dean's Den,7.82,578.61,172
9/3/2019,Dean's Den,7.08,630.17,188
9/3/2019,Cellar,14.85,"2,589.07",589
9/3/2019,Post Office,7.37,388.03,72
9/3/2019,Lou's,5.79,"2,892.69",888
9/3/2019,Tylers,8.03,"6,035.78",1349
9/3/2019,Passport,7.15,"4,486.69",1536
9/3/2019,ETC,7.48,"8,419.40",2330
9/3/2019,8:15,4.14,"3,842.84",1433
9/4/2019,8:15,4.14,"3,650.78",1371
9/4/2019,Post Office,10.79,299.41,30
9/4/2019,Cellar,16.23,"5,871.25",1302
9/4/2019,ETC,7.48,"8,178.70",2285
9/4/2019,Passport,7.16,"4,611.90",1576
9/4/2019,Tylers,8.05,"5,862.67",1341
9/4/2019,Dean's Den,7.06,600.35,180
9/4/2019,Lou's,5.75,"2,729.10",842
9/5/2019,Dean's Den,6.58,631.41,174
9/5/2019,Lou's,5.91,"2,572.37",782
9/5/2019,Post Office,28.13,674.09,25
9/5/2019,Tylers,8.1,"5,404.61",1243
9/5/2019,8:15,4.22,"3,110.38",1182
9/5/2019,Cellar,16.58,"3,669.48",747
9/5/2019,ETC,7.15,"8,308.20",2382
9/5/2019,Passport,7.27,"4,779.19",1628
9/6/2019,8:15,4.34,"1,728.07",645
9/6/2019,Tylers,8.15,"4,602.84",1091
9/6/2019,Cellar,16.16,"2,425.78",563
9/6/2019,Lou's,6.09,953.24,293
9/6/2019,ETC,7.31,"6,685.82",1983
9/6/2019,Passport,8.02,"3,860.43",1230
9/6/2019,Post Office,8.44,218.23,30
9/7/2019,8:15,4.74,"1,187.84",432
9/7/2019,Passport,7.7,960.93,366
9/7/2019,ETC,7.17,"6,504.78",1901
9/7/2019,Cellar,15.34,"3,751.52",863
9/8/2019,Tylers,9.38,"3,709.24",768
9/8/2019,8:15,4.39,"3,006.88",1079
9/8/2019,ETC,7.57,"7,827.25",2355
9/8/2019,Cellar,15.05,"2,996.57",776
9/8/2019,Dean's Den,7.51,705.79,213
9/9/2019,Lou's,5.7,"2,773.20",857
9/9/2019,Post Office,23.62,920.09,48
9/9/2019,ETC,7.96,"10,324.05",2875
9/9/2019,Passport,7.45,"5,277.67",1753
9/9/2019,8:15,4.08,"4,010.10",1465
9/9/2019,Cellar,14.95,"2,433.03",628
9/9/2019,Tylers,8.06,"5,784.89",1310
9/9/2019,Dean's Den,6.86,603.74,192
9/10/2019,Cellar,17.08,"1,964.05",470
9/10/2019,Tylers,7.96,"6,072.90",1400
9/10/2019,ETC,7.53,"9,525.65",2688
9/10/2019,Passport,7.32,"4,917.15",1644
9/10/2019,Dean's Den,6.68,608.27,176
9/10/2019,Post Office,17.05,561.34,40
9/10/2019,Lou's,5.88,"2,964.00",890
9/10/2019,8:15,4.16,"4,090.25",1509
9/11/2019,8:15,4.3,"3,952.04",1464
9/11/2019,Post Office,9.98,209.49,27
9/11/2019,ETC,7.28,"9,495.67",2715
9/11/2019,Passport,7.45,"4,790.35",1563
9/11/2019,Lou's,6.15,"3,071.46",968
9/11/2019,Dean's Den,6.92,567.65,178
9/11/2019,Tylers,8.11,"6,471.52",1455
9/11/2019,Cellar,15.6,"5,335.23",1193
9/12/2019,Passport,7.53,"4,828.83",1620
9/12/2019,ETC,7.23,"8,479.12",2442
9/12/2019,Cellar,17.71,"2,570.73",576
9/12/2019,Dean's Den,6.16,714.27,225
9/12/2019,Post Office,21.72,498.22,26
9/12/2019,Tylers,8.05,"5,605.66",1295
9/12/2019,8:15,4.17,"3,346.36",1283
9/12/2019,Lou's,5.52,"2,256.93",702
9/13/2019,Post Office,11.96,249.51,27
9/13/2019,Lou's,6.33,799.84,235
9/13/2019,Tylers,7.91,"4,163.88",959
9/13/2019,Cellar,14.77,"2,853.80",715
9/13/2019,Passport,7.72,"3,608.33",1242
9/13/2019,8:15,4.05,"1,578.06",614
9/13/2019,ETC,7.68,"7,375.15",2139
9/14/2019,ETC,7.25,"6,419.70",1843
9/14/2019,Concessions,7.98,"5,456.00",1535
9/14/2019,Passport,9.09,993.49,334
9/14/2019,8:15,4.28,"1,095.35",405
9/14/2019,Concessions,8.78,"8,471.00",2282
9/14/2019,Cellar,13.86,"3,321.43",797
9/15/2019,ETC,7.99,"8,859.58",2595
9/15/2019,Cellar,14.74,"2,375.95",629
9/15/2019,8:15,4.21,"3,334.75",1255
9/15/2019,Dean's Den,7.31,525.99,171
9/15/2019,Tylers,8.97,"2,976.48",629
9/16/2019,Dean's Den,6.38,669.86,209
9/16/2019,Post Office,12.59,476.36,41
9/16/2019,Cellar,14.21,"2,028.73",548
9/16/2019,Lou's,5.82,"3,234.23",978
9/16/2019,8:15,4.21,"4,470.19",1684
9/16/2019,Tylers,8.13,"6,269.76",1408
9/16/2019,ETC,7.17,"9,871.00",2860
9/16/2019,Passport,7.64,"5,025.28",1665
9/17/2019,Tylers,8,"6,190.82",1408
9/17/2019,8:15,4.17,"4,647.76",1756
9/17/2019,Cellar,15.3,"2,457.13",592
9/17/2019,Passport,7.17,"4,632.18",1550
9/17/2019,ETC,6.81,"9,240.92",2728
9/17/2019,Dean's Den,6.13,661.86,209
9/17/2019,Post Office,13.47,510.7,47
9/17/2019,Lou's,5.94,"3,040.03",935
9/18/2019,Lou's,5.84,"2,895.00",882
9/18/2019,Dean's Den,7.05,733.11,224
9/18/2019,Post Office,13.78,412.34,30
9/18/2019,Tylers,8,"6,100.01",1389
9/18/2019,8:15,4.1,"4,432.81",1651
9/18/2019,Cellar,13.17,"3,902.70",904
9/18/2019,ETC,6.39,"8,093.80",2454
9/18/2019,Passport,7.74,"5,175.42",1569
9/19/2019,Tylers,7.8,"5,156.96",1182
9/19/2019,8:15,4.21,"3,669.02",1385
9/19/2019,Cellar,14.92,"3,215.22",705
9/19/2019,Lou's,5.75,"2,680.71",794
9/19/2019,ETC,7.15,"8,772.56",2588
9/19/2019,Passport,7.52,"4,541.90",1464
9/19/2019,Dean's Den,7.6,881.77,247
9/19/2019,Post Office,11.47,355.04,32
9/20/2019,Lou's,6.61,"1,231.56",355
9/20/2019,Post Office,12.25,304.67,27
9/20/2019,Passport,7.76,"3,611.86",1192
9/20/2019,ETC,6.95,"6,690.73",2092
9/20/2019,Tylers,8.22,"5,352.99",1202
9/20/2019,8:15,4.42,"1,849.31",681
9/20/2019,Cellar,16.3,"2,579.61",618
9/21/2019,Passport,7.89,"1,194.82",420
9/21/2019,ETC,7.47,"6,513.22",1880
9/21/2019,Cellar,16.23,"3,748.92",892
9/21/2019,8:15,4.43,"1,400.13",499
9/22/2019,8:15,4.39,"4,310.15",1546
9/22/2019,ETC,7.32,"8,454.07",2416
9/22/2019,Cellar,15.75,"2,722.79",694
9/22/2019,Tylers,9.13,"3,327.08",683
9/22/2019,Dean's Den,7.04,971.09,284
9/23/2019,Cellar,13.95,"1,896.37",505
9/23/2019,Passport,7.54,"5,194.74",1746
9/23/2019,Dean's Den,5.75,822.23,286
9/23/2019,Post Office,9.38,384.09,44
9/23/2019,8:15,4.23,"5,112.26",1884
9/23/2019,Lou's,5.95,"3,188.01",965
9/23/2019,Tylers,7.74,"5,445.67",1254
9/23/2019,ETC,6.96,"9,459.84",2732
9/24/2019,8:15,4.19,"5,054.16",1912
9/24/2019,Post Office,13.14,327.91,33
9/24/2019,Passport,7.39,"4,913.29",1680
9/24/2019,ETC,6.63,"8,862.80",2625
9/24/2019,Lou's,5.99,"3,179.06",984
9/24/2019,Tylers,7.92,"5,992.09",1380
9/24/2019,Dean's Den,6.99,922.09,280
9/24/2019,Cellar,14.86,"1,986.16",521
9/25/2019,Cellar,15.91,"4,487.90",1147
9/25/2019,ETC,7.12,"9,263.71",2629
9/25/2019,Dean's Den,5.85,"1,017.12",334
9/25/2019,Post Office,7.95,221.72,31
9/25/2019,Lou's,5.75,"3,475.08",1078
9/25/2019,Tylers,8.25,"6,687.32",1561
9/25/2019,Passport,7.23,"4,947.25",1562
9/25/2019,8:15,4.27,"4,887.26",1808
9/26/2019,Post Office,8.9,186.78,24
9/26/2019,Passport,7.4,"4,684.63",1526
9/26/2019,Lou's,5.71,"2,544.69",780
9/26/2019,Tylers,7.92,"5,639.82",1341
9/26/2019,Dean's Den,6.2,775.59,250
9/26/2019,Cellar,18.17,"3,304.15",716
9/26/2019,ETC,7.14,"9,152.18",2646
9/26/2019,8:15,4.39,"4,103.27",1448
9/27/2019,ETC,7.19,"7,449.65",2222
9/27/2019,Passport,7.49,"3,809.49",1342
9/27/2019,Tylers,7.97,"4,486.19",1047
9/27/2019,8:15,4.23,"1,888.52",721
9/27/2019,Lou's,7.09,"1,072.12",334
9/27/2019,Post Office,17.95,215.45,13
9/27/2019,Cellar,15.57,"3,513.18",823
9/28/2019,8:15,4.74,"1,153.64",414
9/28/2019,Cellar,14.44,"3,028.83",761
9/28/2019,ETC,7.64,"6,688.51",1935
9/28/2019,Passport,8.2,"1,003.64",352
9/29/2019,Dean's Den,7.4,"1,005.36",311
9/29/2019,Tylers,9.04,"2,641.80",572
9/29/2019,8:15,4.36,"3,929.83",1427
9/29/2019,Cellar,15.78,"2,896.56",727
9/29/2019,ETC,7.91,"8,808.11",2532
9/30/2019,8:15,4.25,"4,837.98",1772
9/30/2019,Tylers,7.94,"5,898.62",1365
9/30/2019,Cellar,14.78,"2,101.95",539
9/30/2019,ETC,7.14,"9,633.86",2767
9/30/2019,Passport,7.41,"4,861.26",1622
9/30/2019,Dean's Den,6.21,"1,062.48",333
9/30/2019,Lou's,5.98,"3,131.16",925
9/30/2019,Post Office,13.63,598.99,53
10/1/2019,Lou's,5.99,"3,485.76",1061
10/1/2019,Dean's Den,6.79,970.47,314
10/1/2019,Post Office,6.13,133.64,24
10/1/2019,Tylers,7.9,"6,257.48",1442
10/1/2019,8:15,4.32,"5,287.64",1962
10/1/2019,Cellar,15.77,"2,552.35",636
10/1/2019,ETC,7.14,"9,253.09",2714
10/1/2019,Passport,7.44,"5,075.93",1708
10/2/2019,Passport,7.49,"5,148.32",1716
10/2/2019,ETC,7.19,"9,600.69",2750
10/2/2019,Tylers,7.85,"5,577.09",1285
10/2/2019,Dean's Den,6.34,817.73,267
10/2/2019,Cellar,16.51,"4,579.47",959
10/2/2019,8:15,4.21,"4,601.32",1680
10/2/2019,Lou's,5.86,"2,814.30",849
10/2/2019,Post Office,12.43,223.1,19
10/3/2019,Lou's,5.49,"2,509.36",782
10/3/2019,Post Office,17.21,258.11,17
10/3/2019,8:15,4.27,"3,983.24",1476
10/3/2019,Passport,7.09,"4,874.74",1688
10/3/2019,Cellar,17.35,"3,487.24",742
10/3/2019,Tylers,7.8,"6,039.27",1420
10/3/2019,ETC,7.07,"9,547.94",2735
10/3/2019,Dean's Den,5.83,961.48,301
10/4/2019,Cellar,17.44,"2,627.99",657
10/4/2019,ETC,6.98,"5,962.71",1749
10/4/2019,Passport,7.94,"4,312.60",1460
10/4/2019,8:15,4.54,"1,977.40",719
10/4/2019,Post Office,15.7,298.11,28
10/4/2019,Lou's,5.91,"1,106.26",351
10/4/2019,Tylers,8.3,"4,957.95",1190
10/5/2019,Concessions,7.7,"5,555.00",1585
10/5/2019,8:15,5.44,"1,314.85",441
10/5/2019,Concessions,7.8,"8,420.00",2355
10/5/2019,Passport,9.89,"1,507.61",536
10/5/2019,Cellar,17.15,"2,612.52",628
10/5/2019,ETC,7.23,"4,441.49",1287
10/6/2019,ETC,7.76,"7,223.50",2110
10/6/2019,Cellar,16.53,"2,505.84",664
10/6/2019,Dean's Den,6.31,711.81,224
10/6/2019,8:15,4.45,"3,736.66",1338
10/6/2019,Tylers,9.07,"2,708.02",591
10/7/2019,Post Office,11.86,296.39,25
10/7/2019,Passport,7.33,"4,915.75",1624
10/7/2019,8:15,4.07,"5,018.41",1894
10/7/2019,Lou's,5.82,"3,547.23",1082
10/7/2019,ETC,6.74,"8,236.39",2407
10/7/2019,Tylers,7.87,"5,422.55",1242
10/7/2019,Dean's Den,6.89,991.87,312
10/7/2019,Cellar,14.25,"1,690.86",425
10/8/2019,Dean's Den,6.16,941.1,298
10/8/2019,Post Office,13.29,345.03,30
10/8/2019,Cellar,15.61,"1,821.61",488
10/8/2019,ETC,6.57,"8,766.51",2606
10/8/2019,Tylers,7.86,"5,764.27",1360
10/8/2019,Lou's,6.04,"3,473.38",1100
10/8/2019,Passport,7.02,"4,314.77",1399
10/8/2019,8:15,4.09,"5,333.10",2016
10/9/2019,8:15,4.33,"5,114.24",1869
10/9/2019,Post Office,18.95,529.38,36
10/9/2019,Lou's,5.69,"2,815.42",850
10/9/2019,Cellar,15.4,"3,966.48",925
10/9/2019,Passport,6.7,"4,554.90",1535
10/9/2019,Dean's Den,6.96,890.14,258
10/9/2019,Tylers,8.03,"5,877.60",1372
10/9/2019,ETC,6.84,"8,863.62",2572
10/10/2019,Lou's,5.85,"2,450.78",741
10/10/2019,Dean's Den,6.15,800.01,242
10/10/2019,8:15,4.33,"3,792.38",1346
10/10/2019,Tylers,7.93,"5,423.79",1285
10/10/2019,ETC,6.98,"8,190.31",2383
10/10/2019,Passport,7,"4,544.19",1502
10/10/2019,Post Office,10.61,222.69,26
10/10/2019,Cellar,16.77,"3,121.08",731
10/11/2019,8:15,4.69,"1,291.96",460
10/11/2019,Tylers,8.42,"5,000.88",1179
10/11/2019,ETC,8.68,"5,927.80",1684
10/11/2019,Passport,7.42,"2,871.45",982
10/11/2019,Lou's,6.03,417.35,130
10/11/2019,Post Office,12.55,275.48,25
10/12/2019,ETC,7.62,"1,223.92",353
10/13/2019,ETC,9.27,"1,879.17",494
10/14/2019,Post Office,6.93,110.73,18
10/14/2019,ETC,8.88,"1,341.91",397
10/14/2019,Tylers,8.99,"4,859.21",1131
10/14/2019,8:15,4.78,774.39,276
10/15/2019,ETC,8.53,"6,798.22",1867
10/15/2019,Concessions,0,0,
10/15/2019,Tylers,8.44,"5,819.98",1353
10/15/2019,Post Office,139.42,"2,927.63",32
10/15/2019,8:15,4.45,"1,077.92",393
10/16/2019,Post Office,25.71,411.04,18
10/16/2019,8:15,4.29,"4,194.09",1510
10/16/2019,Tylers,7.78,"5,430.62",1277
10/16/2019,Lou's,6.2,"3,500.28",1036
10/16/2019,Cellar,15.87,"3,457.22",870
10/16/2019,Passport,7.56,"4,493.92",1512
10/16/2019,ETC,7.77,"9,543.28",2585
10/16/2019,Dean's Den,6.55,936.45,319
10/17/2019,Passport,7.65,"4,238.69",1339
10/17/2019,ETC,6.9,"8,107.30",2348
10/17/2019,Cellar,17.9,"3,357.21",718
10/17/2019,Dean's Den,5.46,687.82,230
10/17/2019,8:15,4.24,"4,000.56",1459
10/17/2019,Lou's,6.11,"2,669.24",801
10/17/2019,Post Office,8.07,168.72,23
10/17/2019,Tylers,7.7,"5,067.69",1208
10/18/2019,Post Office,7.87,227.64,33
10/18/2019,Tylers,8.15,"4,891.96",1144
10/18/2019,8:15,4.5,"2,056.68",768
10/18/2019,Lou's,6.47,"1,045.38",319
10/18/2019,Passport,7.56,"3,649.00",1190
10/18/2019,ETC,6.61,"6,370.88",1944
10/18/2019,Cellar,16.21,"2,867.43",690
10/19/2019,Cellar,19.62,"5,209.40",1074
10/19/2019,Concessions,8.57,"5,716.00",1599
10/19/2019,Passport,8.72,"1,299.63",457
10/19/2019,ETC,7.05,"5,823.04",1732
10/19/2019,8:15,4.5,"1,197.66",419
10/19/2019,Concessions,8.48,"9,160.00",2506
10/20/2019,ETC,7.59,"7,398.88",2182
10/20/2019,8:15,4.46,"3,351.44",1187
10/20/2019,Dean's Den,6.57,677.09,225
10/20/2019,Cellar,15.45,"3,264.84",881
10/20/2019,Tylers,8.92,"2,948.90",626
10/21/2019,Dean's Den,6.98,"1,089.45",351
10/21/2019,Post Office,7.22,271.76,42
10/21/2019,8:15,4.03,"4,530.03",1714
10/21/2019,Cellar,15.99,"2,315.87",589
10/21/2019,ETC,6.72,"8,740.55",2605
10/21/2019,Tylers,8.3,"5,866.94",1336
10/21/2019,Lou's,5.71,"3,414.00",1064
10/21/2019,Passport,7.31,"5,174.46",1624
10/22/2019,Tylers,7.95,"5,834.18",1340
10/22/2019,8:15,4.25,"5,028.73",1873
10/22/2019,Cellar,15.78,"1,574.78",431
10/22/2019,Passport,7.28,"4,550.02",1404
10/22/2019,Lou's,6.06,"3,709.84",1128
10/22/2019,Dean's Den,6.2,935.52,311
10/22/2019,Post Office,19.65,471.3,26
10/22/2019,ETC,6.43,"8,740.96",2669
10/23/2019,Lou's,5.72,"3,205.75",1000
10/23/2019,Dean's Den,6.08,886.93,280
10/23/2019,8:15,4.16,"4,845.14",1789
10/23/2019,Tylers,7.83,"5,954.70",1366
10/23/2019,ETC,6.61,"8,852.06",2611
10/23/2019,Passport,7.52,"5,518.63",1804
10/23/2019,Post Office,12.99,374.18,38
10/23/2019,Cellar,15.93,"5,024.44",1133
10/24/2019,Tylers,7.62,"5,217.59",1242
10/24/2019,Passport,7.37,"4,710.33",1520
10/24/2019,8:15,4.26,"3,972.34",1479
10/24/2019,Cellar,20.89,"3,090.78",698
10/24/2019,ETC,6.7,"8,250.74",2480
10/24/2019,Lou's,6.3,"2,951.69",866
10/24/2019,Dean's Den,6.32,"1,017.32",303
10/24/2019,Post Office,9.88,305.79,33
10/25/2019,Lou's,7.18,"1,149.27",335
10/25/2019,Post Office,11.68,371.99,34
10/25/2019,Passport,7.66,"3,702.84",1261
10/25/2019,Tylers,7.7,"4,233.97",985
10/25/2019,ETC,6.81,"7,222.76",2164
10/25/2019,8:15,4.34,"1,768.03",654
10/25/2019,Cellar,13.37,"2,520.71",658
10/26/2019,ETC,6.89,"5,996.32",1769
10/26/2019,Passport,10.97,"1,031.91",315
10/26/2019,Cellar,15.95,"2,208.73",539
10/26/2019,8:15,4.59,"1,194.19",402
10/27/2019,Tylers,9.14,"3,354.35",725
10/27/2019,8:15,4.38,"3,510.86",1254
10/27/2019,Cellar,16.1,"1,845.25",521
10/27/2019,ETC,7.51,"8,366.87",2477
10/27/2019,Dean's Den,7.18,"1,033.59",315
10/28/2019,Passport,7.31,"5,210.54",1672
10/28/2019,Cellar,15.63,"1,872.61",513
10/28/2019,Dean's Den,6.51,"1,124.91",346
10/28/2019,ETC,6.84,"9,603.44",2857
10/28/2019,Post Office,5.65,241.69,48
10/28/2019,Tylers,8.01,"6,204.34",1388
10/28/2019,Lou's,6.12,"3,515.31",1077
10/28/2019,8:15,4.2,"4,576.64",1696
10/29/2019,Post Office,24.86,793.83,42
10/29/2019,8:15,4.19,"4,898.30",1849
10/29/2019,Tylers,8.35,"6,401.85",1479
10/29/2019,Lou's,5.85,"3,392.46",1028
10/29/2019,Passport,7.14,"4,818.22",1572
10/29/2019,ETC,6.48,"8,400.52",2551
10/29/2019,Cellar,16.16,"2,302.90",580
10/29/2019,Dean's Den,6.02,854.06,289
10/30/2019,ETC,6.98,"8,651.15",2473
10/30/2019,Cellar,15.59,"4,125.60",987
10/30/2019,Lou's,6.11,"3,265.28",997
10/30/2019,Dean's Den,6.08,"1,002.45",318
10/30/2019,Post Office,13.64,298.94,26
10/30/2019,8:15,4.33,"4,839.98",1763
10/30/2019,Passport,7.07,"4,848.19",1615
10/30/2019,Tylers,7.8,"5,715.33",1290
10/31/2019,Post Office,10.42,197.73,22
10/31/2019,Passport,7.13,"4,445.29",1514
10/31/2019,Lou's,5.51,"2,743.67",863
10/31/2019,Tylers,7.49,"4,947.76",1173
10/31/2019,ETC,6.8,"8,696.37",2654
10/31/2019,8:15,4.19,"3,531.43",1293
10/31/2019,Dean's Den,5.38,672.4,230
10/31/2019,Cellar,19.61,"2,782.83",597
11/1/2019,Concessions,0,0,
11/1/2019,Post Office,8.4,242.9,33
11/1/2019,Concessions,0,0,
11/1/2019,Passport,7.55,"3,265.57",1139
11/1/2019,Cellar,16.53,"2,536.21",612
11/1/2019,ETC,7.17,"7,413.55",2231
11/1/2019,Lou's,7.05,"1,171.23",347
11/1/2019,8:15,4.25,"1,787.02",661
11/1/2019,Tylers,7.7,"4,708.45",1109
11/2/2019,8:15,4.3,"1,011.83",364
11/2/2019,Concessions,7.29,"8,056.00",2274
11/2/2019,ETC,7.03,"5,989.05",1762
11/2/2019,Passport,10.79,"1,035.54",344
11/2/2019,Concessions,6.82,"4,520.00",1273
11/2/2019,Cellar,18.86,"3,458.84",849
11/3/2019,Dean's Den,6.67,745.48,251
11/3/2019,8:15,4.33,"3,734.67",1354
11/3/2019,Concessions,7,"1,569.00",417
11/3/2019,Tylers,8.63,"3,088.85",666
11/3/2019,Cellar,16.6,"3,028.55",810
11/3/2019,ETC,7.75,"8,295.79",2495
11/3/2019,Concessions,7.5,"2,077.00",586
11/4/2019,Tylers,7.7,"5,510.85",1278
11/4/2019,8:15,4,"4,528.47",1694
11/4/2019,Passport,7.36,"5,017.06",1592
11/4/2019,Cellar,16.91,"1,664.50",439
11/4/2019,Lou's,6.21,"3,490.54",1138
11/4/2019,Dean's Den,6.02,"1,071.18",356
11/4/2019,Post Office,19.34,772.33,49
11/4/2019,ETC,7.09,"9,968.65",2954
11/5/2019,Lou's,5.96,"3,919.72",1223
11/5/2019,Dean's Den,5.91,932.78,294
11/5/2019,Passport,7.42,"4,760.63",1514
11/5/2019,8:15,4.11,"4,532.09",1687
11/5/2019,Tylers,7.72,"5,756.78",1344
11/5/2019,ETC,6.77,"9,287.51",2700
11/5/2019,Post Office,10.36,320.12,36
11/5/2019,Cellar,15.22,"2,029.06",544
11/6/2019,ETC,7.18,"10,069.86",2901
11/6/2019,Cellar,15.49,"3,509.73",899
11/6/2019,Passport,7.21,"5,109.46",1638
11/6/2019,8:15,4.24,"4,536.84",1633
11/6/2019,Tylers,7.84,"6,190.67",1437
11/6/2019,Dean's Den,6.86,864.71,263
11/6/2019,Lou's,5.94,"3,683.22",1148
11/6/2019,Post Office,10.08,171.06,19
11/7/2019,Lou's,5.78,"2,726.22",849
11/7/2019,Post Office,10.92,240.22,25
11/7/2019,Concessions,0,0,
11/7/2019,Cellar,16.91,"3,034.72",664
11/7/2019,8:15,4.16,"3,542.71",1340
11/7/2019,Concessions,0,0,
11/7/2019,Tylers,7.94,"5,254.88",1191
11/7/2019,Concessions,0,0,
11/7/2019,Passport,7.51,"4,507.17",1429
11/7/2019,Dean's Den,6.22,932.87,296
11/7/2019,ETC,6.69,"8,323.31",2408
11/8/2019,Cellar,17.7,"3,631.90",806
11/8/2019,ETC,7.25,"7,240.43",2104
11/8/2019,Passport,7.25,"3,508.45",1238
11/8/2019,Concessions,9.19,"8,753.00",1921
11/8/2019,Tylers,8.08,"4,501.91",1070
11/8/2019,Concessions,8.98,"7,379.00",1674
11/8/2019,8:15,4.33,"1,970.90",739
11/8/2019,Post Office,5.94,136.02,23
11/8/2019,Lou's,6.24,"1,046.03",308
11/9/2019,8:15,4.5,"1,169.74",431
11/9/2019,Cellar,14.62,"2,907.97",656
11/9/2019,ETC,7.54,"5,942.23",1686
11/9/2019,Passport,8.95,824.91,264
11/10/2019,Cellar,16.79,"2,829.96",771
11/10/2019,Dean's Den,6.64,"1,062.07",335
11/10/2019,ETC,7.93,"8,445.51",2404
11/10/2019,Tylers,9.06,"3,227.84",689
11/10/2019,8:15,4.29,"3,408.14",1245
11/11/2019,Post Office,40.07,840.7,23
11/11/2019,Passport,7.32,"5,050.85",1637
11/11/2019,Lou's,6,"3,418.24",1107
11/11/2019,8:15,4.24,"5,116.13",1870
11/11/2019,Tylers,7.86,"5,503.38",1259
11/11/2019,ETC,7.28,"9,803.90",2808
11/11/2019,Cellar,14.4,"1,974.91",508
11/11/2019,Dean's Den,6.46,"1,084.72",333
11/12/2019,Dean's Den,6.94,"1,115.76",345
11/12/2019,Lou's,6.19,"3,869.54",1193
11/12/2019,Post Office,12.44,397.92,39
11/12/2019,ETC,7.3,"9,383.50",2645
11/12/2019,8:15,4.3,"4,692.88",1741
11/12/2019,Cellar,15.54,"1,798.93",488
11/12/2019,Passport,7.74,"4,704.35",1444
11/12/2019,Tylers,7.76,"5,449.35",1270
11/13/2019,8:15,4.13,"4,647.42",1760
11/13/2019,Concessions,0,0,
11/13/2019,ETC,7.26,"9,233.46",2546
11/13/2019,Passport,7.28,"4,808.85",1594
11/13/2019,Cellar,18.98,"4,689.14",1050
11/13/2019,Lou's,5.84,"3,460.75",1082
11/13/2019,Tylers,7.64,"6,248.53",1521
11/13/2019,Dean's Den,6.45,876.77,280
11/13/2019,Post Office,9.54,265.61,31
11/14/2019,Dean's Den,6.39,"1,065.34",338
11/14/2019,Lou's,5.8,"2,653.82",807
11/14/2019,8:15,4.35,"3,498.83",1262
11/14/2019,Post Office,16.1,561.28,45
11/14/2019,Concessions,8.71,"8,449.00",1783
11/14/2019,Concessions,8.72,"6,180.00",1331
11/14/2019,Cellar,15.51,"3,248.37",724
11/14/2019,Tylers,7.63,"4,982.79",1182
11/14/2019,ETC,6.95,"8,354.45",2445
11/14/2019,Passport,7.84,"4,234.84",1345
11/15/2019,8:15,4.39,"1,882.27",703
11/15/2019,Tylers,7.89,"4,816.10",1147
11/15/2019,Passport,8.01,"4,164.23",1420
11/15/2019,ETC,7.52,"7,365.84",2178
11/15/2019,Cellar,16,"2,994.36",724
11/15/2019,Lou's,5.99,"1,128.27",348
11/15/2019,Post Office,24.63,737.2,32
11/16/2019,Concessions,8.29,978,296
11/16/2019,8:15,4.51,"1,092.27",406
11/16/2019,ETC,7.51,"6,293.09",1777
11/16/2019,Cellar,14.29,"3,287.17",823
11/16/2019,Passport,8.03,856.1,298
11/16/2019,Concessions,7.94,746,230
11/17/2019,ETC,7.46,"7,926.83",2382
11/17/2019,Concessions,7.89,"4,457.00",1115
11/17/2019,Cellar,18.23,"2,797.03",735
11/17/2019,Tylers,9.15,"3,392.60",735
11/17/2019,Dean's Den,6.12,837.09,276
11/17/2019,Concessions,7.45,"3,939.00",980
11/17/2019,8:15,4.34,"3,901.32",1417
11/18/2019,Lou's,6.1,"3,609.96",1126
11/18/2019,ETC,6.94,"9,277.69",2738
11/18/2019,Passport,7.32,"4,572.87",1437
11/18/2019,8:15,4.28,"4,581.15",1712
11/18/2019,Tylers,7.67,"5,027.35",1170
11/18/2019,Post Office,10.94,294.09,32
11/18/2019,Cellar,15.17,"1,811.56",472
11/18/2019,Dean's Den,5.95,"1,058.57",348
11/19/2019,Passport,7.24,"4,386.90",1432
11/19/2019,ETC,7.04,"9,408.34",2758
11/19/2019,Cellar,17.29,"1,951.16",488
11/19/2019,Tylers,7.8,"5,418.78",1263
11/19/2019,Dean's Den,5.87,955.78,307
11/19/2019,Lou's,5.68,"3,393.86",1071
11/19/2019,Post Office,24.24,751.24,34
11/19/2019,8:15,4.57,"4,977.48",1841
11/20/2019,Post Office,13.34,359.96,29
11/20/2019,Tylers,7.78,"5,861.67",1351
11/20/2019,Concessions,6.85,425,133
11/20/2019,Lou's,5.96,"3,026.19",947
11/20/2019,Cellar,16.16,"3,662.82",825
11/20/2019,Concessions,8.1,559,173
11/20/2019,Dean's Den,6.36,"1,010.52",318
11/20/2019,ETC,7.01,"8,755.36",2552
11/20/2019,Passport,7.55,"4,808.91",1567
11/20/2019,8:15,4.4,"4,788.10",1749
11/21/2019,ETC,7.2,"9,244.93",2735
11/21/2019,Passport,7.29,"4,339.71",1413
11/21/2019,Cellar,17.29,"3,088.74",728
11/21/2019,8:15,4.41,"3,834.43",1424
11/21/2019,Tylers,7.7,"4,851.93",1136
11/21/2019,Dean's Den,6.34,823.52,272
11/21/2019,Post Office,16.16,387.46,30
11/21/2019,Lou's,5.59,"2,650.46",854
11/22/2019,Post Office,18.7,521.96,32
11/22/2019,Lou's,5.29,817.96,261
11/22/2019,Tylers,7.89,"4,215.20",989
11/22/2019,Concessions,8.43,"5,896.00",1303
11/22/2019,8:15,4.56,"1,870.31",688
11/22/2019,Cellar,18.56,"2,855.91",626
11/22/2019,Concessions,8.3,"6,727.00",1468
11/22/2019,ETC,7.15,"7,009.08",2019
11/22/2019,Passport,7.53,"3,499.94",1243
11/23/2019,Cellar,16.74,"2,884.89",703
11/23/2019,Passport,9.66,976.76,323
11/23/2019,ETC,7.53,"5,635.46",1656
11/23/2019,Concessions,6.59,"6,124.00",1988
11/23/2019,Concessions,7.15,"5,308.00",1711
11/23/2019,8:15,4.7,"1,200.59",449
11/24/2019,ETC,7.73,"7,520.46",2184
11/24/2019,Cellar,18.33,"2,429.90",656
11/24/2019,Tylers,8.88,"2,966.68",652
11/24/2019,8:15,4.64,"3,655.38",1338
11/24/2019,Dean's Den,6.37,979.27,323
11/25/2019,Dean's Den,6.57,998.22,326
11/25/2019,Lou's,6.18,"2,486.92",742
11/25/2019,8:15,4.35,"3,299.59",1173
11/25/2019,Post Office,18,737.15,45
11/25/2019,ETC,7.6,"8,325.07",2455
11/25/2019,Cellar,17.11,"3,109.12",759
11/25/2019,Tylers,8.08,"4,873.40",1151
11/25/2019,Passport,7.21,"4,219.94",1458
11/26/2019,8:15,4.52,"1,373.40",512
11/26/2019,Tylers,8.55,"5,386.43",1269
11/26/2019,ETC,8.24,"4,161.28",1258
11/26/2019,Passport,7.36,"2,743.84",974
11/26/2019,Lou's,5.77,994.67,286
11/26/2019,Post Office,17.7,406.5,25
11/27/2019,Post Office,43.03,258.13,7
11/27/2019,Tylers,9.51,"1,248.57",306
11/30/2019,Cellar,0,0,
11/30/2019,Concessions,9.15,"7,707.00",1785
11/30/2019,Concessions,8.44,"7,156.00",1689
12/1/2019,ETC,8.27,"6,667.13",1943
12/1/2019,Dean's Den,6.38,757.31,248
12/2/2019,Cellar,18.07,"1,589.20",429
12/2/2019,Passport,7.21,"4,346.04",1434
12/2/2019,ETC,7.22,"9,024.16",2698
12/2/2019,Dean's Den,6.71,"1,037.94",349
12/2/2019,Post Office,27.26,"1,497.82",65
12/2/2019,8:15,4.4,"4,836.52",1781
12/2/2019,Tylers,8.08,"4,738.68",1103
12/2/2019,Lou's,5.83,"3,082.11",975
12/3/2019,Post Office,27.09,"1,273.08",59
12/3/2019,Tylers,7.93,"5,157.31",1214
12/3/2019,Lou's,6.06,"3,401.18",1078
12/3/2019,Cellar,19.3,"2,167.58",505
12/3/2019,ETC,7.11,"9,010.49",2709
12/3/2019,Passport,7.58,"4,181.71",1385
12/3/2019,Dean's Den,6.52,845.72,275
12/3/2019,8:15,4.31,"4,904.55",1819
12/4/2019,ETC,7.26,"8,798.26",2530
12/4/2019,Cellar,19.76,"5,328.72",1146
12/4/2019,Passport,7.07,"4,555.12",1507
12/4/2019,8:15,4.2,"4,739.39",1789
12/4/2019,Tylers,8,"5,282.52",1244
12/4/2019,Dean's Den,6.54,861.31,275
12/4/2019,Post Office,19.29,770.86,54
12/4/2019,Lou's,6,"3,075.17",988
12/5/2019,Post Office,19.88,675.75,31
12/5/2019,Lou's,5.79,"2,685.96",814
12/5/2019,Cellar,17.18,"3,079.78",716
12/5/2019,ETC,6.95,"7,791.04",2380
12/5/2019,Dean's Den,6.5,726.68,232
12/5/2019,Tylers,8.33,"5,298.92",1245
12/5/2019,8:15,4.34,"3,895.57",1412
12/5/2019,Passport,7.42,"3,966.63",1313
12/6/2019,Post Office,20.08,843.18,47
12/6/2019,Lou's,6.43,"1,160.41",358
12/6/2019,8:15,4.36,"2,239.68",836
12/6/2019,Cellar,17.93,"3,345.02",766
12/6/2019,Tylers,8.15,"4,244.48",988
12/6/2019,Passport,7.48,"3,459.99",1213
12/6/2019,ETC,7.39,"7,799.69",2285
12/7/2019,8:15,4.99,"2,863.62",1063
12/7/2019,Cellar,18.53,"3,614.26",892
12/7/2019,Passport,7.93,"1,481.22",512
12/7/2019,ETC,7.41,"7,074.94",2082
12/8/2019,Concessions,7.95,"5,496.00",1406
12/8/2019,Concessions,7.69,"5,446.00",1415
12/8/2019,8:15,4.43,"4,587.53",1689
12/8/2019,ETC,7.19,"8,206.98",2488
12/8/2019,Cellar,18.16,"1,979.39",540
12/8/2019,Tylers,9.42,"2,953.43",656
12/9/2019,Tylers,8.17,"4,972.82",1147
12/9/2019,8:15,4.42,"4,856.26",1790
12/9/2019,ETC,6.89,"8,067.62",2385
12/9/2019,Passport,7.84,"3,514.75",1168
12/9/2019,Cellar,16.16,"1,091.90",323
12/9/2019,Dean's Den,5.41,760.86,263
12/9/2019,Lou's,6.24,"2,402.34",768
12/9/2019,Post Office,26.69,"1,413.59",64
12/10/2019,Lou's,5.72,"1,782.33",582
12/10/2019,Dean's Den,6.25,798.21,258
12/10/2019,Post Office,19.74,"1,083.56",62
12/10/2019,Passport,8.21,"3,077.66",1071
12/10/2019,8:15,4.25,"4,079.79",1514
12/10/2019,ETC,7.4,"7,692.64",2185
12/10/2019,Tylers,7.78,"4,282.59",971
12/10/2019,Cellar,15.98,"1,144.80",345
12/11/2019,ETC,7.24,"6,940.07",2013
12/11/2019,Passport,7.81,"2,741.46",958
12/11/2019,Cellar,17.69,"1,486.22",416
12/11/2019,8:15,4.48,"4,374.58",1618
12/11/2019,Dean's Den,5.91,688.18,227
12/11/2019,Lou's,6.1,"1,332.37",399
12/11/2019,Post Office,25.55,"1,276.36",60
12/11/2019,Tylers,8.2,"3,807.16",909
12/12/2019,Lou's,6.26,"1,451.88",458
12/12/2019,Post Office,25.39,"1,345.31",64
12/12/2019,8:15,4.52,"3,958.72",1468
12/12/2019,ETC,7.92,"8,169.73",2451
12/12/2019,Passport,7.55,"2,402.37",821
12/12/2019,Cellar,15.12,"1,093.86",308
12/12/2019,Tylers,8.4,"3,790.23",886
12/12/2019,Dean's Den,6.21,594.71,202
12/13/2019,Cellar,15.39,783.17,213
12/13/2019,ETC,8.14,"6,030.99",1745
12/13/2019,Passport,7.89,"2,556.52",883
12/13/2019,Post Office,24.07,"1,491.10",79
12/13/2019,Tylers,8.09,"3,475.09",845
12/13/2019,Lou's,6.7,806.7,238
12/13/2019,8:15,4.33,"1,611.39",599
12/14/2019,8:15,4.28,759.66,286
12/14/2019,Concessions,8.93,"6,784.00",1578
12/14/2019,Concessions,8.85,"7,542.00",1664
12/14/2019,Passport,8.25,555.67,195
12/14/2019,ETC,7.65,"3,840.92",1142
12/14/2019,Cellar,15.66,794.22,222
12/15/2019,Cellar,15.02,544.35,163
12/15/2019,ETC,8.08,"4,228.00",1253
12/15/2019,Tylers,9.19,"1,017.29",237
12/15/2019,8:15,4.51,"1,649.10",601
12/16/2019,Post Office,83.46,"2,167.37",114
12/16/2019,Tylers,7.68,"1,853.91",459
12/16/2019,ETC,10.15,"4,657.24",1316
12/16/2019,Passport,7.67,"1,444.29",518
12/16/2019,8:15,4.57,"1,093.92",384
12/17/2019,ETC,10.39,"2,421.03",695
12/17/2019,Passport,8.57,"1,019.28",347
12/17/2019,8:15,5.11,453.26,167
12/17/2019,Cellar,0,0,
12/17/2019,Tylers,7.54,"1,481.46",404
12/17/2019,Post Office,50.93,"1,781.02",101
12/17/2019,Lou's,0,0,
12/18/2019,8:15,5.44,234.72,85
12/18/2019,Tylers,7.91,800.14,227
12/18/2019,ETC,8.62,737.44,222
12/18/2019,Passport,10.11,780.05,273
12/18/2019,Post Office,703.26,"1,406.40",62
12/19/2019,Post Office,26.56,743.55,45
12/19/2019,Tylers,8.42,797.37,239
12/19/2019,8:15,5.41,197.6,68
12/19/2019,ETC,9.96,425.01,134
12/19/2019,Passport,8.88,585.17,214
12/20/2019,8:15,9.36,305.24,93
12/20/2019,Tylers,8.58,590.51,176
12/20/2019,Passport,8.36,344.27,120
12/20/2019,ETC,11.46,387.26,110
12/20/2019,Post Office,25.23,907.86,39
12/23/2019,Post Office,19.07,190.69,12
12/24/2019,Post Office,36.39,254.71,8
12/26/2019,Post Office,22.21,88.85,4
12/27/2019,Post Office,42.3,169.21,5
12/30/2019,Concessions,7.55,521,162
12/30/2019,Concessions,7.81,711,220
12/30/2019,Post Office,14.58,189.18,16
12/31/2019,Post Office,17.77,53.3,4
1/2/2020,Concessions,8.61,"5,839.00",1430
1/2/2020,Tylers,9.42,683.16,188
1/2/2020,8:15,4.34,93.68,41
1/2/2020,Post Office,152.98,152.98,13
1/2/2020,Concessions,8.24,"5,816.00",1395
1/3/2020,Post Office,43.54,217.69,10
1/3/2020,ETC,0,0,
1/3/2020,8:15,4.28,142.59,52
1/3/2020,Tylers,7.82,577.25,154
1/6/2020,ETC,7.99,283.7,82
1/6/2020,Cellar,0,0,
1/6/2020,8:15,4.86,202.19,76
1/6/2020,Post Office,13.13,262.14,27
1/7/2020,Post Office,33.62,302.57,6
1/7/2020,8:15,5.02,248.33,90
1/7/2020,Cellar,0,0,
1/7/2020,ETC,7.42,265.22,85
1/8/2020,ETC,7.17,369.26,109
1/8/2020,Cellar,0,0,
1/8/2020,Post Office,61.34,245.12,17
1/8/2020,8:15,4.67,252.28,94
1/9/2020,Post Office,7.39,140.41,18
1/10/2020,Post Office,39.75,357.59,24
1/10/2020,8:15,4.49,303.41,108
1/10/2020,Lou's,0,0,
1/10/2020,ETC,8.54,"1,173.17",327
1/10/2020,Passport,0,0,
1/11/2020,Concessions,9.9,"11,498.00",2605
1/11/2020,Concessions,9.34,"11,439.00",2484
1/12/2020,Concessions,6.84,602,190
1/12/2020,8:15,4.78,129.07,44
1/12/2020,Concessions,8.16,628,196
1/12/2020,Tylers,7.43,"1,437.54",354
1/12/2020,Passport,0,0,
1/12/2020,Cellar,0,0,
1/12/2020,ETC,9.54,"10,712.04",2832
1/13/2020,Tylers,7.68,"4,638.60",1075
1/13/2020,8:15,3.9,"2,747.69",1065
1/13/2020,Cellar,15.62,"2,238.50",532
1/13/2020,ETC,8.39,"11,773.20",3067
1/13/2020,Lou's,5.79,"2,905.71",892
1/13/2020,Dean's Den,6.4,697.62,225
1/13/2020,Post Office,10.5,437.84,45
1/13/2020,Passport,6.87,"4,199.27",1385
1/14/2020,Lou's,5.77,"3,060.45",1030
1/14/2020,Dean's Den,6.88,"1,039.42",312
1/14/2020,Post Office,17.28,414.49,27
1/14/2020,Tylers,7.75,"5,363.94",1207
1/14/2020,Passport,7.41,"5,008.65",1656
1/14/2020,ETC,7.75,"10,455.38",2813
1/14/2020,Cellar,16.32,"1,923.02",516
1/14/2020,8:15,4.1,"3,294.40",1259
1/15/2020,Cellar,16.82,"3,807.71",878
1/15/2020,ETC,7.24,"8,973.44",2519
1/15/2020,Passport,7.2,"4,938.70",1567
1/15/2020,8:15,4.01,"3,554.88",1338
1/15/2020,Dean's Den,6.44,818.17,238
1/15/2020,Tylers,7.8,"5,516.83",1274
1/15/2020,Post Office,7.33,109.9,21
1/15/2020,Lou's,6.07,"3,086.77",926
1/16/2020,Lou's,5.83,"3,108.38",1032
1/16/2020,8:15,4.11,"3,165.80",1203
1/16/2020,Post Office,13.76,343.95,32
1/16/2020,ETC,7.57,"9,868.76",2727
1/16/2020,Dean's Den,5.69,858.45,268
1/16/2020,Cellar,16.35,"3,363.87",810
1/16/2020,Passport,7.34,"5,178.06",1729
1/16/2020,Tylers,7.86,"5,527.74",1282
1/17/2020,Cellar,15.9,"3,949.12",911
1/17/2020,Passport,7.8,"3,907.93",1300
1/17/2020,ETC,7.32,"7,762.93",2227
1/17/2020,Tylers,7.79,"4,161.03",962
1/17/2020,Post Office,14.94,298.75,24
1/17/2020,8:15,4.31,"1,740.57",661
1/17/2020,Lou's,6.79,"1,004.15",310
1/18/2020,8:15,4.2,716.87,252
1/18/2020,Passport,9.24,"1,544.40",515
1/18/2020,Cellar,13.44,"4,366.63",1108
1/18/2020,ETC,7.71,"7,108.67",2051
1/19/2020,ETC,8.01,"7,829.11",2251
1/19/2020,Cellar,15.87,"2,929.42",742
1/19/2020,Dean's Den,7.11,924.31,296
1/19/2020,8:15,4.45,"1,502.76",544
1/19/2020,Tylers,9.6,"3,087.09",672
1/20/2020,Post Office,2.9,2.75,1
1/20/2020,Passport,0,0,
1/20/2020,ETC,7.19,"8,818.26",2615
1/20/2020,8:15,4.33,"2,714.21",990
1/20/2020,Tylers,9.04,"5,253.72",1176
1/20/2020,Dean's Den,7.79,965.16,328
1/20/2020,Cellar,17.12,"2,427.51",611
1/21/2020,Dean's Den,7.48,"1,188.22",361
1/21/2020,Post Office,8.88,441.68,60
1/21/2020,Passport,7.31,"4,874.87",1607
1/21/2020,Cellar,16.83,"2,477.11",655
1/21/2020,Lou's,5.96,"3,989.91",1277
1/21/2020,Tylers,7.8,"6,170.20",1403
1/21/2020,ETC,7.22,"10,434.90",3130
1/21/2020,8:15,4.3,"4,156.39",1576
1/22/2020,8:15,4.12,"4,044.53",1552
1/22/2020,Concessions,8.68,"5,565.00",1231
1/22/2020,ETC,7.67,"11,075.47",3146
1/22/2020,Passport,7.23,"5,186.87",1685
1/22/2020,Tylers,7.7,"5,753.84",1320
1/22/2020,Concessions,7.88,"6,319.00",1475
1/22/2020,Lou's,6.07,"3,677.77",1153
1/22/2020,Cellar,17.74,"6,359.46",1311
1/22/2020,Dean's Den,6.82,914.32,289
1/22/2020,Post Office,13.8,537.91,43
1/23/2020,Dean's Den,6.97,"1,044.80",340
1/23/2020,Lou's,5.74,"3,211.87",1042
1/23/2020,Post Office,18.3,656.54,43
1/23/2020,Concessions,5.73,"1,737.00",491
1/23/2020,8:15,4.29,"3,742.63",1442
1/23/2020,Tylers,8.01,"6,062.28",1411
1/23/2020,Cellar,17.71,"4,045.01",913
1/23/2020,Passport,7.58,"5,117.82",1720
1/23/2020,ETC,7.99,"11,933.07",3451
1/23/2020,Concessions,6.1,"1,630.00",453
1/24/2020,8:15,4.34,"1,754.88",693
1/24/2020,Tylers,8.15,"4,778.72",1134
1/24/2020,Passport,7.68,"4,308.24",1409
1/24/2020,Cellar,16.51,"3,682.15",924
1/24/2020,Lou's,6.19,815.11,253
1/24/2020,Post Office,14.19,324.92,27
1/24/2020,ETC,7.35,"8,918.91",2634
1/25/2020,Concessions,9.87,"15,956.00",3351
1/25/2020,Concessions,10.18,"16,185.00",3442
1/25/2020,Passport,9.17,"1,053.57",329
1/25/2020,8:15,4.42,"1,050.25",397
1/25/2020,Cellar,14.74,"5,044.71",1191
1/25/2020,ETC,7.66,"7,927.62",2249
1/26/2020,Concessions,9.55,917,269
1/26/2020,ETC,8.31,"10,378.22",3119
1/26/2020,8:15,4.19,"3,345.00",1258
1/26/2020,Tylers,9.63,"3,836.19",825
1/26/2020,Dean's Den,7.15,"1,136.11",377
1/26/2020,Cellar,15.65,"2,992.00",794
1/26/2020,Concessions,7.29,503,149
1/27/2020,Lou's,6.11,"3,970.36",1320
1/27/2020,Post Office,8.23,237.6,35
1/27/2020,Cellar,17.86,"2,667.12",700
1/27/2020,Tylers,8.13,"6,490.16",1454
1/27/2020,Passport,7.52,"5,644.66",1773
1/27/2020,Dean's Den,7.16,"1,131.09",336
1/27/2020,ETC,7.69,"11,495.87",3347
1/27/2020,8:15,4.14,"4,721.96",1775
1/28/2020,Cellar,17.11,"3,051.32",759
1/28/2020,ETC,7.28,"10,943.69",3357
1/28/2020,Passport,7.61,"5,388.36",1732
1/28/2020,Dean's Den,6.92,"1,072.24",336
1/28/2020,Tylers,8.08,"6,131.09",1442
1/28/2020,8:15,3.99,"4,270.28",1622
1/28/2020,Post Office,69.9,"2,655.82",39
1/28/2020,Lou's,6.14,"3,797.99",1201
1/29/2020,Post Office,11.66,302.93,34
1/29/2020,8:15,4.22,"4,169.41",1577
1/29/2020,Lou's,6.19,"3,617.02",1143
1/29/2020,ETC,7.54,"11,361.68",3384
1/29/2020,Cellar,16.57,"5,681.21",1192
1/29/2020,Tylers,8.17,"6,322.85",1483
1/29/2020,Dean's Den,6.54,"1,203.75",380
1/29/2020,Passport,7.25,"5,654.95",1787
1/30/2020,Cellar,18.27,"3,769.75",837
1/30/2020,Passport,7.77,"5,667.63",1821
1/30/2020,ETC,7.41,"10,440.32",3063
1/30/2020,Dean's Den,6.45,"1,173.69",367
1/30/2020,Post Office,14.36,429.39,33
1/30/2020,8:15,4.43,"3,853.58",1433
1/30/2020,Tylers,8.17,"6,749.16",1593
1/30/2020,Lou's,5.93,"3,659.98",1148
1/31/2020,Post Office,13.01,415.39,37
1/31/2020,Passport,7.46,"4,017.95",1360
1/31/2020,Lou's,6.06,852.51,271
1/31/2020,8:15,4.32,"1,848.30",705
1/31/2020,Cellar,15.97,"3,677.83",852
1/31/2020,ETC,7.51,"8,392.18",2439
1/31/2020,Tylers,8.39,"4,742.81",1109
2/1/2020,Concessions,9.38,"11,940.00",2693
2/1/2020,Cellar,15.69,"4,326.24",1063
2/1/2020,Concessions,9.89,"12,247.00",2812
2/1/2020,Passport,8.59,"1,398.12",448
2/1/2020,ETC,8.18,"7,813.31",2225
2/1/2020,8:15,4.49,"1,135.42",429
2/2/2020,8:15,4.43,"3,298.75",1225
2/2/2020,Cellar,18.24,"3,275.34",709
2/2/2020,ETC,8.95,"11,447.01",3309
2/2/2020,Tylers,9.41,"2,809.73",584
2/2/2020,Dean's Den,7.03,941.69,291
2/2/2020,Concessions,8.66,563,174
2/2/2020,Concessions,8.95,340,101
2/3/2020,Dean's Den,7.01,"1,128.54",344
2/3/2020,Lou's,6.09,"4,328.97",1381
2/3/2020,Post Office,16.39,520.72,46
2/3/2020,Cellar,16.43,"2,537.58",665
2/3/2020,Tylers,8.36,"6,660.96",1496
2/3/2020,Passport,7.37,"5,538.79",1781
2/3/2020,8:15,4.17,"5,175.63",1918
2/3/2020,ETC,7.15,"11,870.60",3442
2/4/2020,Tylers,7.94,"5,647.07",1334
2/4/2020,8:15,4.3,"5,034.39",1900
2/4/2020,Passport,7.57,"5,524.44",1747
2/4/2020,ETC,6.67,"10,451.52",3196
2/4/2020,Lou's,6.01,"4,131.84",1303
2/4/2020,Cellar,16.88,"2,342.10",610
2/4/2020,Dean's Den,6.45,"1,251.23",389
2/4/2020,Post Office,15.42,492.26,38
2/5/2020,Dean's Den,6.46,"1,265.51",402
2/5/2020,Lou's,5.98,"3,770.67",1204
2/5/2020,Concessions,6.42,655,209
2/5/2020,Post Office,9,206.17,24
2/5/2020,Tylers,8.17,"6,288.51",1474
2/5/2020,8:15,4.15,"4,467.84",1707
2/5/2020,ETC,7.48,"11,165.14",3276
2/5/2020,Passport,7.62,"5,808.86",1895
2/5/2020,Cellar,16.98,"5,430.97",1174
2/5/2020,Concessions,8.39,"1,049.00",322
2/6/2020,Passport,7.56,"5,025.80",1606
2/6/2020,Tylers,8.04,"5,428.40",1276
2/6/2020,Cellar,19.47,"3,969.12",873
2/6/2020,Lou's,6.02,"3,949.48",1229
2/6/2020,Dean's Den,6.78,"1,084.49",335
2/6/2020,Post Office,9.58,253.87,28
2/6/2020,8:15,4.41,"3,875.25",1479
2/6/2020,ETC,7.69,"10,505.98",2959
2/7/2020,Lou's,5.86,"1,048.59",320
2/7/2020,ETC,7.49,"8,930.51",2593
2/7/2020,Passport,7.87,"4,073.41",1401
2/7/2020,Cellar,17.35,"3,688.43",905
2/7/2020,8:15,4.37,"1,654.18",649
2/7/2020,Tylers,8.26,"5,438.92",1292
2/7/2020,Post Office,12.98,453.28,37
2/8/2020,Cellar,14.02,"3,752.62",901
2/8/2020,ETC,7.6,"8,429.73",2459
2/8/2020,Passport,7.92,"1,483.83",491
2/8/2020,Concessions,8.1,"5,562.00",1625
2/8/2020,8:15,4.35,"1,205.43",462
2/9/2020,Tylers,9.43,"3,511.10",750
2/9/2020,8:15,4.27,"4,153.04",1576
2/9/2020,Cellar,16.05,"3,268.33",892
2/9/2020,Dean's Den,6.79,"1,160.30",358
2/9/2020,ETC,7.95,"10,587.52",3185
2/10/2020,Cellar,17.8,"3,008.36",780
2/10/2020,ETC,7.44,"11,523.73",3425
2/10/2020,Passport,7.3,"5,554.72",1822
2/10/2020,Dean's Den,7.13,"1,261.19",400
2/10/2020,8:15,308.58,"4,153.04",1996
2/10/2020,Post Office,13.02,637.24,61
2/10/2020,Tylers,8.52,"6,245.14",1435
2/10/2020,Lou's,6.19,"4,534.62",1465
2/11/2020,Post Office,11.16,398.01,38
2/11/2020,Tylers,8.27,"6,211.49",1431
2/11/2020,Lou's,6.09,"4,197.37",1352
2/11/2020,8:15,4.33,"5,043.50",1889
2/11/2020,ETC,7.52,"11,723.76",3363
2/11/2020,Cellar,15.01,"2,342.85",650
2/11/2020,Dean's Den,6.59,"1,317.52",415
2/11/2020,Passport,7.6,"5,932.91",1940
2/12/2020,Concessions,6.13,239,72
2/12/2020,Cellar,16.22,"6,014.73",1376
2/12/2020,ETC,7.29,"11,419.03",3315
2/12/2020,Dean's Den,6.57,952.03,290
2/12/2020,Post Office,16.49,657.93,63
2/12/2020,Lou's,6.03,"3,936.81",1257
2/12/2020,Passport,7.75,"5,856.91",1859
2/12/2020,Tylers,8.22,"6,351.21",1479
2/12/2020,Concessions,6.32,259,83
2/12/2020,8:15,4.27,"4,593.48",1746
2/13/2020,Post Office,10.29,236.45,28
2/13/2020,Passport,7.9,"5,660.70",1826
2/13/2020,ETC,7.32,"10,855.26",3222
2/13/2020,Cellar,17.33,"3,919.01",861
2/13/2020,Lou's,5.72,"3,387.79",1091
2/13/2020,8:15,4.4,"3,929.84",1486
2/13/2020,Dean's Den,6.31,940.78,303
2/13/2020,Tylers,7.62,"5,702.61",1328
2/14/2020,8:15,4.69,"2,034.54",736
2/14/2020,Passport,7.78,"3,858.68",1273
2/14/2020,ETC,7.84,"8,902.00",2621
2/14/2020,Post Office,14.44,618.92,48
2/14/2020,Lou's,5.91,"1,008.09",330
2/14/2020,Cellar,16.5,"3,327.38",894
2/14/2020,Concessions,6.11,"1,057.00",348
2/14/2020,Tylers,8.66,"4,582.46",1086
2/15/2020,8:15,4.51,"1,175.39",432
2/15/2020,Cellar,16.29,"4,621.23",1114
2/15/2020,ETC,7.79,"7,413.77",2110
2/15/2020,Passport,9.17,"1,629.19",544
2/15/2020,Concessions,9.41,"12,276.00",2620
2/15/2020,Concessions,12.9,"20,634.00",3875
2/16/2020,Dean's Den,6.4,908.23,271
2/16/2020,Concessions,7.34,763,238
2/16/2020,Concessions,7.32,549,173
2/16/2020,Tylers,9.1,"3,535.44",752
2/16/2020,Cellar,15.79,"2,938.48",770
2/16/2020,8:15,4.35,"3,987.79",1518
2/16/2020,ETC,7.82,"10,290.49",2982
2/17/2020,Tylers,8.25,"6,234.82",1462
2/17/2020,8:15,4.18,"5,365.91",2029
2/17/2020,ETC,7.35,"12,343.09",3659
2/17/2020,Passport,7.72,"6,044.34",1899
2/17/2020,Lou's,6.13,"4,745.63",1535
2/17/2020,Cellar,17.01,"2,760.57",736
2/17/2020,Dean's Den,6.58,"1,019.79",324
2/17/2020,Post Office,7.73,152.44,19
2/18/2020,Lou's,6.12,"4,637.77",1474
2/18/2020,Concessions,5.15,201,66
2/18/2020,Dean's Den,6.95,"1,181.19",361
2/18/2020,Post Office,12.44,421.93,42
2/18/2020,ETC,7.64,"12,171.11",3639
2/18/2020,8:15,4.3,"5,225.71",1992
2/18/2020,Passport,7.53,"5,713.27",1880
2/18/2020,Concessions,7.25,"1,567.00",458
2/18/2020,Tylers,8.03,"6,209.25",1445
2/18/2020,Cellar,15.67,"2,342.33",594
2/19/2020,Cellar,18.19,"5,999.61",1335
2/19/2020,ETC,7.5,"11,311.17",3357
2/19/2020,Passport,7.27,"5,365.71",1757
2/19/2020,Concessions,8.16,"7,217.00",1637
2/19/2020,Tylers,7.96,"5,887.36",1391
2/19/2020,Concessions,5.68,386,116
2/19/2020,Dean's Den,6.47,971.14,317
2/19/2020,Lou's,6.12,"4,060.64",1280
2/19/2020,Post Office,8.87,245,38
2/19/2020,Concessions,8.41,"6,155.00",1427
2/19/2020,8:15,4.31,"4,801.12",1802
2/20/2020,Lou's,5.74,"3,423.46",1086
2/20/2020,8:15,4.37,"3,642.32",1369
2/20/2020,ETC,7.29,"11,467.27",3389
2/20/2020,Passport,7.65,"5,611.27",1799
2/20/2020,Tylers,7.91,"5,885.73",1381
2/20/2020,Post Office,21.28,572.65,30
2/20/2020,Cellar,15.93,"3,607.35",822
2/20/2020,Dean's Den,5.91,968.91,305
2/21/2020,Cellar,16.55,"3,581.22",914
2/21/2020,Passport,7.78,"3,495.55",1247
2/21/2020,ETC,7.37,"8,555.70",2555
2/21/2020,Post Office,15.9,489.73,38
2/21/2020,8:15,4.35,"1,689.57",650
2/21/2020,Lou's,5.96,955.57,301
2/21/2020,Tylers,8.1,"4,595.27",1089
2/22/2020,Concessions,6.26,269,89
2/22/2020,8:15,4.34,"1,099.88",431
2/22/2020,Cellar,15.82,"4,057.56",983
2/22/2020,Concessions,6.32,430,134
2/22/2020,ETC,7.59,"8,334.96",2451
2/22/2020,Passport,9.51,"1,637.35",504
2/23/2020,ETC,7.85,"10,963.90",3197
2/23/2020,Cellar,15.74,"2,665.84",720
2/23/2020,Concessions,6.21,385,120
2/23/2020,Dean's Den,7.29,"1,072.32",336
2/23/2020,8:15,4.15,"3,920.12",1507
2/23/2020,Tylers,9.12,"3,401.39",749
2/24/2020,Post Office,13.78,451,39
2/24/2020,Lou's,6.36,"4,758.44",1537
2/24/2020,ETC,7.66,"13,293.90",3768
2/24/2020,Dean's Den,7.14,"1,149.02",334
2/24/2020,Tylers,7.99,"6,214.46",1448
2/24/2020,8:15,4.2,"5,062.13",1910
2/24/2020,Cellar,16.68,"2,254.68",628
2/24/2020,Passport,7.21,"5,348.05",1795
2/25/2020,Dean's Den,6.91,"1,242.48",376
2/25/2020,Post Office,8.27,272.87,35
2/25/2020,Lou's,6.18,"4,138.09",1297
2/25/2020,Passport,7.44,"5,349.60",1794
2/25/2020,ETC,7.23,"11,939.41",3523
2/25/2020,Cellar,15.95,"3,382.22",848
2/25/2020,Tylers,8.07,"6,189.02",1455
2/25/2020,8:15,4.26,"4,864.37",1847
2/25/2020,Concessions,5.67,34,11
2/26/2020,Tylers,8.02,"6,238.00",1438
2/26/2020,8:15,4.27,"4,829.55",1804
2/26/2020,Concessions,7.7,839,268
2/26/2020,Cellar,16.35,"6,197.65",1293
2/26/2020,Passport,7.45,"5,359.26",1794
2/26/2020,ETC,7.27,"11,762.11",3459
2/26/2020,Dean's Den,6.24,"1,134.51",357
2/26/2020,Lou's,5.81,"3,828.30",1210
2/26/2020,Post Office,6.83,197.13,30
2/26/2020,Concessions,6.95,674,213
2/27/2020,Dean's Den,5.8,"1,025.90",331
2/27/2020,Lou's,6.29,"3,811.75",1228
2/27/2020,8:15,4.18,"3,885.61",1528
2/27/2020,Post Office,11.01,383.5,42
2/27/2020,Passport,7.2,"5,278.75",1798
2/27/2020,ETC,7.61,"11,270.85",3252
2/27/2020,Cellar,17.95,"4,610.83",950
2/27/2020,Tylers,8.18,"5,795.83",1352
2/28/2020,8:15,4.34,"2,141.56",825
2/28/2020,Tylers,8.29,"5,322.24",1230
2/28/2020,ETC,8.09,"10,718.96",3168
2/28/2020,Passport,7.69,"3,518.93",1186
2/28/2020,Cellar,15.77,"3,225.24",738
2/28/2020,Lou's,7.56,"1,089.22",343
2/28/2020,Concessions,5.18,176,62
2/28/2020,Post Office,9.57,315.12,35
2/29/2020,Dean's Den,5.15,15.45,5
2/29/2020,Concessions,4.81,125,47
2/29/2020,Concessions,9.19,"12,357.00",2727
2/29/2020,Concessions,9.7,"11,985.00",2794
2/29/2020,Concessions,5.1,306,102
2/29/2020,Passport,8.93,"1,448.39",456
2/29/2020,Cellar,14.57,"4,499.85",1067
2/29/2020,8:15,4.42,"1,504.31",590
2/29/2020,ETC,7.76,"7,942.55",2317
3/1/2020,ETC,7.96,"12,363.00",3540
3/1/2020,Tylers,9.52,"4,065.66",858
3/1/2020,8:15,4.24,"4,458.95",1678
3/1/2020,Concessions,8.01,689,214
3/1/2020,Dean's Den,7.24,"1,150.91",368
3/1/2020,Cellar,16.62,"2,500.23",689
3/2/2020,Lou's,6.12,"4,281.60",1362
3/2/2020,8:15,4.2,"5,934.44",2240
3/2/2020,Post Office,7.99,333.89,46
3/2/2020,Cellar,14.95,"2,230.24",647
3/2/2020,ETC,7.13,"12,077.26",3566
3/2/2020,Passport,7.73,"5,834.81",1784
3/2/2020,Tylers,8.09,"6,271.24",1418
3/2/2020,Dean's Den,6.44,"1,223.85",409
3/3/2020,Cellar,16.96,"2,915.03",735
3/3/2020,ETC,6.81,"11,903.07",3472
3/3/2020,Concessions,7.79,"8,406.00",2041
3/3/2020,Dean's Den,6.15,"1,021.19",330
3/3/2020,Passport,7.27,"5,194.79",1734
3/3/2020,Post Office,12.28,318.5,28
3/3/2020,Tylers,7.89,"5,809.27",1377
3/3/2020,Concessions,7.82,"7,236.00",1859
3/3/2020,Lou's,5.95,"4,118.05",1280
3/3/2020,8:15,4.31,"5,709.95",2173
3/4/2020,Tylers,8.08,"6,130.50",1425
3/4/2020,8:15,4.14,"5,124.78",1970
3/4/2020,ETC,7.28,"11,803.40",3416
3/4/2020,Passport,7.42,"5,598.12",1846
3/4/2020,Post Office,12.56,312.49,27
3/4/2020,Lou's,5.86,"4,030.54",1300
3/4/2020,Cellar,16.37,"5,275.90",1130
3/4/2020,Dean's Den,6.07,"1,286.66",420
3/5/2020,Passport,7.36,"5,648.85",1927
3/5/2020,Cellar,17.04,"2,835.40",627
3/5/2020,ETC,8.1,"12,140.15",3774
3/5/2020,Dean's Den,6.45,"1,064.22",340
3/5/2020,Post Office,8.28,229.05,30
3/5/2020,Tylers,7.81,"5,428.09",1284
3/5/2020,Lou's,5.94,"3,188.87",1044
3/5/2020,8:15,4.56,"3,879.66",1461
3/6/2020,Post Office,13.27,330.93,27
3/6/2020,Lou's,6.79,598.63,177
3/6/2020,Tylers,8.17,"1,841.36",447
3/6/2020,Passport,8.25,"2,664.73",905
3/6/2020,8:15,4.54,"1,163.21",439
3/6/2020,ETC,10.8,"11,313.93",3446
3/7/2020,Tylers,8.91,"3,040.73",693
3/8/2020,Tylers,8.72,"1,974.42",475
3/9/2020,Post Office,10.39,144.57,16
3/9/2020,ETC,10.17,"1,796.55",575
3/9/2020,8:15,5.31,469.65,159
3/10/2020,8:15,5.14,402.7,144
3/10/2020,Cellar,0,0,
3/10/2020,ETC,9.54,"1,627.43",461
3/10/2020,Post Office,8.95,170.04,21
3/11/2020,Post Office,27.23,408.45,15
3/11/2020,8:15,4.94,458.99,168
3/11/2020,Passport,0,0,
3/11/2020,ETC,11.69,"2,167.29",693
3/12/2020,8:15,5.55,454.2,160
3/12/2020,ETC,30.4,"10,571.36",2645
3/12/2020,Post Office,28.87,836.92,34
3/13/2020,Post Office,12.38,370.55,32
3/13/2020,ETC,46.79,"20,482.93",4981
3/13/2020,8:15,5.82,534.29,194
3/14/2020,ETC,53.97,"20,776.42",5092
3/14/2020,Post Office,18.54,129.5,9
3/15/2020,Post Office,42.44,508.4,14
3/15/2020,ETC,43.95,"18,014.79",4865
3/16/2020,Post Office,31.21,249.03,21
3/16/2020,ETC,27.92,"6,446.25",1802
3/17/2020,Post Office,10.24,184.23,19
3/17/2020,ETC,39.18,"9,557.67",2567
3/18/2020,Post Office,14.46,448.04,33
3/18/2020,ETC,31.31,"6,009.02",1618
3/19/2020,Post Office,93.24,372.93,23
3/19/2020,ETC,46.42,"9,280.95",2429
3/20/2020,Post Office,30.5,670.84,26
3/20/2020,ETC,34.05,"5,920.63",1677
3/21/2020,ETC,25.64,"3,124.46",942
3/22/2020,ETC,19.13,"2,008.27",621
3/23/2020,ETC,24.58,"2,899.74",810
3/23/2020,Post Office,7.03,41.3,12
3/24/2020,ETC,19.5,"2,182.72",597
3/24/2020,Post Office,5.85,11.69,2
3/25/2020,ETC,31.07,"2,574.14",708
3/25/2020,Post Office,26.55,79.65,3
3/26/2020,Post Office,43.37,86.73,11
3/26/2020,ETC,34.38,"2,714.74",683
3/27/2020,ETC,9.07,115.02,36
3/27/2020,Post Office,59.23,56.25,25
3/28/2020,ETC,10.6,165.98,50
3/29/2020,ETC,9.94,96.72,30
3/30/2020,Post Office,12.44,149.3,14
3/30/2020,ETC,15.07,293.91,89
3/31/2020,Post Office,11.57,104.07,9
3/31/2020,ETC,6.23,109.38,42
4/1/2020,ETC,6.05,64.76,22
4/1/2020,Post Office,10.77,64.6,6
4/2/2020,Post Office,7.87,70.8,9
4/2/2020,ETC,16.23,189.75,83
4/3/2020,ETC,5.93,75.16,25
4/3/2020,Post Office,22.65,67.95,3
4/4/2020,ETC,6.26,36.4,14
4/5/2020,ETC,11.15,119.81,28
4/6/2020,ETC,3.54,24.04,8
4/6/2020,Post Office,12.19,170.7,16
4/7/2020,ETC,8.56,174.75,61
4/7/2020,Post Office,24.37,487.4,17
4/8/2020,Post Office,13.86,166.35,14
4/8/2020,ETC,11.5,44.9,10
4/9/2020,Post Office,9.85,157.64,20
4/10/2020,Post Office,19.58,156.45,8
4/10/2020,ETC,5.91,57.58,25
4/11/2020,ETC,22.09,42.52,11
4/12/2020,ETC,24.78,47.39,11
4/13/2020,Post Office,17.08,221.99,17
4/13/2020,ETC,8.44,16.46,5
4/14/2020,ETC,8.44,24.78,8
4/14/2020,Post Office,9.2,73.57,8
4/15/2020,Post Office,5.48,32.55,6
4/15/2020,ETC,15.01,87.88,22
4/16/2020,ETC,26.53,25.88,8
4/16/2020,Post Office,12.48,74.89,7
4/17/2020,Post Office,11.08,110.8,11
4/17/2020,ETC,16.18,110.2,28
4/18/2020,ETC,10.12,39.09,12
4/19/2020,ETC,30.78,30.03,7
4/20/2020,ETC,15.8,122.89,40
4/20/2020,Post Office,8.9,89,11
4/21/2020,Post Office,33.19,497.8,19
4/21/2020,ETC,35.8,34.93,7
4/22/2020,Post Office,11.02,110.15,10
4/22/2020,ETC,3.8,25.82,9
4/23/2020,Post Office,9.33,46.65,8
4/23/2020,ETC,21.79,21.26,4
4/24/2020,Post Office,19.61,274.59,16
4/24/2020,ETC,2.78,5.42,3
4/25/2020,ETC,31.15,121.59,17
4/26/2020,ETC,1.58,1.54,2
4/27/2020,Post Office,7.35,66.15,10
4/27/2020,ETC,13.7,39.65,11
4/28/2020,Post Office,33.11,165.57,5
4/28/2020,ETC,7.83,7.64,2
4/29/2020,ETC,13.49,39.29,12
4/29/2020,Post Office,9.71,77.6,9
4/30/2020,Post Office,11.53,46.13,5
4/30/2020,ETC,19.1,36.74,10
5/1/2020,ETC,20.84,81.25,22
5/1/2020,Post Office,11.42,79.95,7
5/2/2020,ETC,4.23,16.51,5
5/3/2020,ETC,19.03,36.9,6
5/4/2020,Post Office,22,286.05,19
5/4/2020,ETC,7.92,38.65,11
5/5/2020,ETC,14.77,28.63,3
5/5/2020,Post Office,22.04,198.35,9
5/6/2020,ETC,7.68,7.29,1
5/6/2020,Post Office,14.02,266.13,24
5/7/2020,Post Office,63.81,638.05,13
5/7/2020,ETC,11.66,11.38,2
5/8/2020,ETC,9.89,9.53,3
5/8/2020,Post Office,14.82,44.45,3
5/10/2020,ETC,16.31,15.8,5
5/11/2020,Post Office,48.14,96.28,9
5/11/2020,ETC,9.47,8.99,1
5/12/2020,ETC,3.06,2.99,1
5/12/2020,Post Office,4.21,25.15,6
5/13/2020,Post Office,249.91,249.86,12
5/13/2020,ETC,1.32,1.29,1
5/14/2020,ETC,17.89,17.45,5
5/14/2020,Post Office,19.77,138.4,14
5/15/2020,Post Office,14.39,57.55,5
5/15/2020,ETC,10.41,10.16,4
5/16/2020,ETC,6.52,6.27,3
5/18/2020,Post Office,11.66,93.25,8
5/18/2020,ETC,8.91,16.98,3
5/19/2020,ETC,16.79,80.86,22
5/19/2020,Post Office,23.47,258.12,18
5/20/2020,Post Office,18.01,125.9,9
5/20/2020,ETC,2.45,2.39,1
5/21/2020,ETC,28.37,82.08,22
5/21/2020,Post Office,32.13,64.25,6
5/22/2020,Post Office,28.95,492.08,23
5/22/2020,ETC,11.47,33.37,13
5/25/2020,ETC,11.64,22.24,6
5/26/2020,Post Office,10.56,147.9,14
5/27/2020,Post Office,"1,242.89","1,242.74",16
5/27/2020,ETC,5.1,4.98,2
5/28/2020,Post Office,10.7,107,11
5/29/2020,Post Office,19.58,137.05,9
5/29/2020,ETC,15.08,14.48,2
6/1/2020,Post Office,10.99,98.94,10
6/2/2020,Post Office,5.67,17,3
6/3/2020,ETC,8.49,8.28,2
6/3/2020,Post Office,40.47,242.1,11
6/4/2020,Post Office,28.93,115.7,4
6/5/2020,ETC,24.15,23.56,4
6/5/2020,Post Office,170.96,"1,367.17",11
6/7/2020,ETC,24.31,47.11,15
6/8/2020,Post Office,14.31,143.1,15
6/8/2020,ETC,6.11,23.53,7
6/9/2020,Post Office,28.68,229.41,9
6/9/2020,ETC,3.83,3.68,2
6/10/2020,ETC,3.58,6.98,2
6/10/2020,Post Office,11.98,131.75,11
6/11/2020,Post Office,38.07,570.01,28
6/11/2020,ETC,6.33,6.18,2
6/12/2020,Post Office,27.22,325.39,13
6/12/2020,ETC,3.89,3.69,1
6/13/2020,ETC,15.45,15.38,2
6/15/2020,Post Office,33.66,302.93,9
6/15/2020,ETC,9.39,27.31,11
6/16/2020,ETC,11.52,11.24,6
6/16/2020,8:15,0,0,
6/16/2020,Post Office,26.9,134.5,5
6/17/2020,Post Office,19.4,229.4,44
6/17/2020,ETC,13.08,12.76,4
6/18/2020,Post Office,24.65,246.48,11
6/19/2020,Post Office,52.89,475.02,17
6/19/2020,ETC,6.34,6.08,2
6/20/2020,ETC,27.36,26.36,4
6/21/2020,ETC,13.28,12.68,2
6/22/2020,Post Office,35.61,461.81,25
6/22/2020,ETC,4.61,13.55,5
6/23/2020,ETC,21.98,42.39,11
6/23/2020,Post Office,16.66,133.31,9
6/24/2020,Post Office,10.81,129.66,12
6/24/2020,ETC,5.66,27.24,6
6/25/2020,ETC,18.81,54.26,14
6/25/2020,Post Office,198.06,197.85,14
6/26/2020,ETC,10.48,20.21,6
6/26/2020,Post Office,36.85,147.38,8
6/27/2020,ETC,3.46,3.38,2
6/28/2020,ETC,1.53,1.49,1
6/29/2020,ETC,4.4,4.29,1
6/29/2020,Post Office,27.35,82.04,7
6/30/2020,ETC,8.99,8.77,3
7/1/2020,Post Office,61.28,367.68,14
7/1/2020,ETC,9.36,18.15,7
7/2/2020,Post Office,4.83,14.48,3
7/3/2020,ETC,11.41,11.05,5
7/6/2020,ETC,3.82,3.78,2
7/7/2020,Post Office,27.63,221.01,10
7/7/2020,ETC,7.75,7.56,4
7/8/2020,ETC,19.12,36.81,11
7/8/2020,Post Office,18.21,72.84,4
7/9/2020,Post Office,8.63,86.26,9
7/9/2020,ETC,6.19,12.07,5
7/10/2020,ETC,1.42,1.39,1
7/10/2020,Post Office,56.64,396.45,7
7/13/2020,Post Office,8.53,93.86,12
7/13/2020,ETC,7.06,34.44,12
7/14/2020,Post Office,9.8,98,12
7/14/2020,ETC,8.47,8.26,4
7/15/2020,Post Office,24.38,365.7,18
7/16/2020,Post Office,9.99,9.99,1
7/17/2020,Post Office,39.58,196.49,10
7/18/2020,ETC,36.27,34.91,9
7/19/2020,ETC,15.65,45.11,15
7/20/2020,Post Office,5.53,11.05,2
7/20/2020,ETC,5.52,10.82,4
7/21/2020,Post Office,16.96,135.65,9
7/22/2020,Post Office,216.1,216.1,7
7/22/2020,ETC,8.18,15.96,4
7/23/2020,ETC,3.3,3.18,2
7/23/2020,Post Office,33.86,338.29,20
7/24/2020,Post Office,327.6,327.6,15
7/24/2020,ETC,8.25,24.14,6
7/27/2020,Post Office,23.57,117.85,5
7/27/2020,ETC,5.82,5.68,2
7/28/2020,ETC,12.53,12.22,4
7/28/2020,Post Office,239.55,239.55,11
7/29/2020,Post Office,71.84,71.84,7
7/29/2020,ETC,4.49,4.38,2
7/30/2020,Post Office,225.93,225.93,9
7/31/2020,ETC,7.16,6.99,1
8/3/2020,ETC,3.04,8.77,3
8/3/2020,Post Office,45.82,137.1,13
8/4/2020,Post Office,0,0,
8/4/2020,ETC,8.41,24.68,12
8/5/2020,Post Office,148.46,588.76,10
8/6/2020,Post Office,0,0,
8/6/2020,ETC,3.23,9.46,4
8/7/2020,ETC,5.36,10.46,4
8/7/2020,Post Office,327.3,327.3,4
8/8/2020,ETC,7.13,6.96,4
8/10/2020,ETC,11.85,22.74,6
8/10/2020,Post Office,145.77,145.77,6
8/11/2020,Post Office,25.25,25.25,3
8/11/2020,ETC,3.26,6.36,4
8/12/2020,ETC,9.55,36.51,9
8/12/2020,Post Office,121.6,121.6,8
8/13/2020,Post Office,7.64,38.1,5
8/13/2020,ETC,0,0,
8/14/2020,ETC,13.3,"1,448.33",321
8/14/2020,Post Office,101.7,203.3,14
8/15/2020,ETC,11.91,"1,223.93",264
8/16/2020,ETC,10.07,"1,206.39",313
8/17/2020,Post Office,72.94,145.88,17
8/17/2020,ETC,8.58,"1,489.54",377
8/18/2020,Post Office,18.54,164.99,18
8/18/2020,ETC,9.92,"1,554.43",406
8/19/2020,Post Office,66.42,263.09,21
8/19/2020,ETC,11.71,"3,108.55",819
8/20/2020,ETC,11.32,"5,237.03",1348
8/20/2020,Post Office,12.24,72.19,7
8/21/2020,ETC,11.34,"6,083.58",1530
8/21/2020,Post Office,7.35,117.44,18
8/22/2020,ETC,11.72,"7,235.08",1890
8/23/2020,ETC,12.71,"8,327.78",2148
8/24/2020,Post Office,112.52,223.77,22
8/24/2020,ETC,9.94,"6,818.85",1788
8/24/2020,Dean's Den,7.23,346.94,111
8/25/2020,Dean's Den,5.82,226.96,76
8/25/2020,ETC,9.96,"6,701.29",1778
8/25/2020,Post Office,33.39,300.53,14
8/26/2020,Post Office,19.59,116.84,18
8/26/2020,ETC,9.07,"6,209.84",1657
8/26/2020,Dean's Den,6.13,429,140
8/27/2020,ETC,9.44,"6,655.22",1776
8/27/2020,Dean's Den,6.07,321.45,110
8/27/2020,Post Office,16.6,114.56,16
8/28/2020,Post Office,23.46,234.15,18
8/28/2020,ETC,9.36,"6,390.66",1755
8/29/2020,ETC,9.75,"6,221.90",1702
8/30/2020,ETC,10.22,"7,491.00",2068
8/30/2020,Dean's Den,5.23,214.26,76
8/31/2020,Dean's Den,7.23,325.23,92
8/31/2020,Post Office,37.19,111.45,9
8/31/2020,ETC,9.34,"6,689.82",1839
9/1/2020,Dean's Den,5.85,415.2,131
9/1/2020,Post Office,63.76,634.91,26
9/1/2020,ETC,9.55,"6,830.55",1866
9/2/2020,ETC,9.74,"6,943.83",1875
9/2/2020,Dean's Den,6.01,432.74,141
9/2/2020,Post Office,12.1,156.42,20
9/3/2020,ETC,9.6,"7,187.22",1922
9/3/2020,Dean's Den,6.06,417.85,136
9/3/2020,Post Office,12.64,151.45,15
9/4/2020,Post Office,18.32,183.08,24
9/4/2020,ETC,9.13,"6,581.97",1843
9/5/2020,ETC,9.54,"5,980.34",1615
9/6/2020,ETC,10.14,"7,387.94",2062
9/6/2020,Dean's Den,6.96,368.63,123
9/7/2020,ETC,10.16,"7,953.46",2197
9/7/2020,Dean's Den,6.21,540.08,160
9/8/2020,Post Office,25.19,425.32,40
9/8/2020,ETC,9.55,"7,585.35",2075
9/8/2020,Dean's Den,6.37,496.8,156
9/9/2020,Dean's Den,6.26,450.87,145
9/9/2020,Post Office,12.72,251.38,36
9/9/2020,ETC,10.3,"8,421.26",2195
9/10/2020,ETC,9.28,"7,248.65",1964
9/10/2020,Dean's Den,6.98,606.65,180
9/10/2020,Post Office,7.91,110.7,17
9/11/2020,Post Office,15.59,354.32,34
9/11/2020,ETC,9.48,"6,098.66",1716
9/12/2020,ETC,10.24,"6,576.26",1796
9/13/2020,Dean's Den,6.89,337.82,114
9/13/2020,ETC,10.13,"7,202.88",1991
9/14/2020,ETC,10.02,"8,946.40",2358
9/14/2020,Dean's Den,7.27,465.05,146
9/14/2020,Post Office,17.52,362.67,30
9/15/2020,ETC,9.41,"7,169.60",1924
9/15/2020,Post Office,8.24,156.3,28
9/15/2020,Dean's Den,6.62,357.56,119
9/16/2020,ETC,9.81,"8,436.64",2178
9/16/2020,Dean's Den,7.35,551.13,156
9/16/2020,Post Office,9,267.44,36
9/17/2020,Post Office,13.29,66.46,5
9/17/2020,Dean's Den,8.1,542.5,154
9/17/2020,ETC,10.59,"6,997.83",1716
9/18/2020,ETC,9.83,"6,596.33",1800
9/18/2020,Post Office,30.56,304.22,19
9/19/2020,ETC,9.43,"6,434.31",1737
9/20/2020,Dean's Den,7.54,437.31,143
9/20/2020,ETC,10.26,"7,843.93",2111
9/21/2020,Post Office,19.59,291.17,36
9/21/2020,ETC,10.25,"8,542.88",2235
9/21/2020,Dean's Den,6.58,454.23,158
9/22/2020,Dean's Den,6.84,512.43,161
9/22/2020,Post Office,8.74,87.11,14
9/22/2020,ETC,9.46,"7,789.66",2112
9/23/2020,ETC,9.42,"8,525.74",2300
9/23/2020,Dean's Den,6.59,441.18,150
9/23/2020,Post Office,11.32,178.26,27
9/24/2020,Dean's Den,6.1,463.75,157
9/24/2020,Post Office,7.58,151.22,22
9/24/2020,ETC,9.5,"7,419.91",1942
9/25/2020,ETC,9.69,"5,686.37",1532
9/25/2020,Post Office,10.95,240.43,28
9/26/2020,ETC,9.28,"5,544.81",1521
9/27/2020,ETC,9.88,"7,413.66",1989
9/27/2020,Dean's Den,7.95,452.43,132
9/28/2020,ETC,9.85,"8,328.49",2247
9/28/2020,Post Office,10.11,251.2,28
9/28/2020,Dean's Den,7.24,427.04,128
9/29/2020,ETC,9.55,"7,976.55",2074
9/29/2020,Dean's Den,6.66,439.58,129
9/29/2020,Post Office,12.77,413.64,34
9/30/2020,Post Office,11.35,177.63,17
9/30/2020,Dean's Den,6.4,402.49,128
9/30/2020,ETC,9.37,"8,067.80",2126
10/1/2020,ETC,9.41,"7,914.64",2115
10/1/2020,Dean's Den,7.11,497.6,160
10/1/2020,Post Office,12.48,173.29,24
10/2/2020,Post Office,9.54,112.88,11
10/2/2020,ETC,8.95,"6,165.93",1689
10/3/2020,ETC,9.41,"5,905.41",1604
10/4/2020,ETC,10.28,"7,240.48",1875
10/4/2020,Dean's Den,7.26,457.42,134
10/5/2020,Dean's Den,6.47,549.38,172
10/5/2020,Post Office,17.04,576.37,33
10/5/2020,ETC,9.63,"7,642.27",1984
10/6/2020,ETC,9.12,"8,408.62",2275
10/6/2020,Dean's Den,6.93,692.57,210
10/6/2020,Post Office,19.46,420.78,38
10/7/2020,Dean's Den,6.64,571.13,180
10/7/2020,Post Office,10.33,194.73,22
10/7/2020,ETC,9.19,"7,287.90",2027
10/8/2020,ETC,8.65,"6,778.63",1822
10/8/2020,Dean's Den,6.58,691.04,231
10/8/2020,Post Office,11,282.27,30
10/9/2020,Post Office,10.41,246.95,26
10/9/2020,ETC,8.69,"5,404.10",1514
10/10/2020,ETC,9.68,"5,506.54",1485
10/11/2020,ETC,10.03,"5,779.54",1526
10/11/2020,Dean's Den,7.34,469.47,139
10/12/2020,ETC,10.02,"8,670.16",2311
10/12/2020,Dean's Den,6.71,550.04,176
10/12/2020,Post Office,7.17,190.88,32
10/13/2020,Post Office,6.28,130.4,29
10/13/2020,Dean's Den,6.14,545.83,181
10/13/2020,ETC,9.15,"7,262.46",1912
10/14/2020,Dean's Den,6.87,418.14,134
10/14/2020,ETC,9.03,"7,358.39",1982
10/14/2020,Post Office,6.84,202.38,34
10/15/2020,ETC,9.01,"7,008.54",1825
10/15/2020,Dean's Den,6.67,613.39,196
10/15/2020,Post Office,9.95,296.13,37
10/16/2020,Post Office,10.77,287.87,31
10/16/2020,ETC,9.58,"5,656.90",1451
10/17/2020,ETC,10.07,"6,031.82",1549
10/18/2020,Dean's Den,6.48,537.66,172
10/18/2020,ETC,10.28,"6,580.13",1704
10/19/2020,ETC,9.75,"8,194.82",2136
10/19/2020,Dean's Den,6.86,520.84,159
10/19/2020,Post Office,9.12,279.47,33
10/20/2020,Post Office,9.94,282.21,32
10/20/2020,ETC,9.34,"7,681.80",2018
10/20/2020,Dean's Den,6.35,628.46,190
10/21/2020,ETC,9.45,"7,774.20",2033
10/21/2020,Dean's Den,6.85,670.82,211
10/21/2020,Post Office,18.75,468.76,27
10/22/2020,Post Office,9.77,251.91,35
10/22/2020,ETC,9.21,"6,921.72",1866
10/22/2020,Dean's Den,6.41,608.53,194
10/23/2020,Post Office,16.38,145.82,13
10/23/2020,ETC,9.34,"6,027.20",1593
10/24/2020,ETC,9.04,"5,098.76",1384
10/25/2020,Dean's Den,7.11,532.21,150
10/25/2020,ETC,10.1,"7,228.59",1891
10/26/2020,Post Office,14.37,423.92,35
10/26/2020,Dean's Den,6.92,470.03,150
10/26/2020,ETC,10.03,"7,965.78",2093
10/27/2020,Dean's Den,5.86,532.15,183
10/27/2020,ETC,8.92,"6,983.20",1871
10/27/2020,Post Office,5.9,215.32,38
10/28/2020,ETC,9.73,"7,082.65",1847
10/28/2020,Dean's Den,6.1,456.64,150
10/28/2020,Post Office,10.96,283.32,32
10/29/2020,Dean's Den,6.48,400.95,138
10/29/2020,Post Office,11.06,96.71,10
10/29/2020,ETC,8.97,"6,727.37",1769
10/30/2020,ETC,9.01,"5,294.94",1458
10/30/2020,Post Office,13.57,392.08,33
10/31/2020,ETC,9.59,"5,275.02",1525
11/1/2020,ETC,10.89,"6,607.74",1713
11/1/2020,Dean's Den,6.81,611.55,189
11/2/2020,Post Office,7.61,186.14,25
11/2/2020,ETC,10.85,"8,510.94",2225
11/2/2020,Dean's Den,8.01,576.18,165
11/3/2020,ETC,9.75,"8,332.78",2224
11/3/2020,Dean's Den,6.7,756.41,250
11/3/2020,Post Office,10.87,119.49,14
11/4/2020,Post Office,21.38,42.75,2
11/4/2020,ETC,10.01,"8,016.91",2120
11/4/2020,Dean's Den,7.21,619.5,214
11/5/2020,ETC,10.06,"8,125.53",2072
11/5/2020,Dean's Den,7.69,630.05,196
11/5/2020,Post Office,15.62,279.58,20
11/6/2020,Post Office,13.19,169.98,15
11/6/2020,ETC,9.06,"6,372.13",1727
11/7/2020,ETC,10.41,"6,206.68",1690
11/8/2020,Dean's Den,7.42,718.48,225
11/8/2020,ETC,10.4,"8,369.89",2221
11/9/2020,Dean's Den,6.38,674.03,223
11/9/2020,ETC,9.42,"8,419.63",2252
11/9/2020,Post Office,11.31,144.15,14
11/10/2020,ETC,10.63,"8,968.78",2513
11/10/2020,Dean's Den,6.31,630.25,208
11/10/2020,Post Office,15.99,237.8,20
11/11/2020,Dean's Den,7.16,578.24,198
11/11/2020,Post Office,10.5,104.96,13
11/11/2020,ETC,10.7,"7,929.08",2072
11/12/2020,ETC,10.98,"8,996.18",2302
11/12/2020,Dean's Den,6.02,659.3,218
11/12/2020,Post Office,9.37,204.46,23
11/13/2020,Post Office,22.55,560.41,29
11/13/2020,ETC,9.71,"6,315.42",1737
11/14/2020,ETC,10.28,"6,816.44",1814
11/15/2020,ETC,10.86,"7,010.05",1847
11/15/2020,Dean's Den,6.2,376.2,125
11/16/2020,ETC,10.78,"7,251.98",1895
11/16/2020,Dean's Den,5.69,402.82,140
11/16/2020,Post Office,15.25,274.38,22
11/17/2020,Post Office,22.2,398.06,17
11/17/2020,ETC,11.77,"8,328.01",2153
11/17/2020,Dean's Den,6.7,487.57,157
11/18/2020,Dean's Den,7.93,379.92,119
11/18/2020,Concessions,0,0,0
11/18/2020,Post Office,21.18,400.46,21
11/18/2020,ETC,11.64,"7,861.40",2073
11/19/2020,ETC,14.68,"9,205.37",2383
11/19/2020,Dean's Den,6.41,377.06,144
11/19/2020,Concessions,0,0,
11/19/2020,Post Office,27.81,692.24,25
11/20/2020,Post Office,20.86,415.5,24
11/20/2020,ETC,17.92,"8,215.43",2322
11/23/2020,ETC,41.55,747.83,211
11/23/2020,Post Office,13.66,109.25,8
11/24/2020,Post Office,6.06,36.23,7
11/24/2020,ETC,24.76,247.58,58
11/25/2020,ETC,11.57,115.7,32
11/25/2020,Post Office,18.95,113.7,6
11/27/2020,ETC,17.77,53.3,22
11/30/2020,Post Office,31.51,504.04,18
11/30/2020,ETC,23.96,359.37,84
12/1/2020,Concessions,0,0,0
12/1/2020,Post Office,92.23,"1,844.56",22
12/1/2020,ETC,13.25,132.05,37
12/2/2020,ETC,14.52,607.81,159
12/2/2020,Post Office,25.16,377.4,17
12/3/2020,Post Office,35.82,537.2,20
12/3/2020,ETC,15.27,472.93,119
12/4/2020,Post Office,26.13,365.8,18
12/4/2020,Concessions,3,3,1
12/4/2020,ETC,20.04,240.17,64
12/7/2020,Post Office,302.32,906.97,26
12/7/2020,Concessions,4.5,18,6
12/7/2020,ETC,26.93,699.09,178
12/8/2020,ETC,17.09,307.24,71
12/8/2020,Post Office,123.88,"1,114.51",33
12/9/2020,Post Office,44.64,669.45,31
12/9/2020,Concessions,6,36,12
12/9/2020,ETC,17.36,590.11,160
12/10/2020,ETC,11.38,170.67,56
12/10/2020,Post Office,407.66,815.31,32
12/11/2020,Post Office,248.8,497.6,18
12/11/2020,ETC,9.53,56.65,24
12/14/2020,Post Office,304.85,914.33,46
12/14/2020,ETC,16.43,295.24,75
12/15/2020,ETC,34.09,136.35,28
12/15/2020,Post Office,199.69,"1,396.97",55
12/16/2020,Post Office,60.92,669.9,29
12/16/2020,ETC,15.54,186.12,64
12/17/2020,ETC,7.45,103.93,49
12/17/2020,Post Office,24.88,821.01,34
12/18/2020,ETC,10.86,86.43,23
12/18/2020,Post Office,72.81,582.37,29
12/21/2020,ETC,14.96,134.27,36
12/21/2020,Post Office,498.2,498.2,24
12/22/2020,Post Office,86.5,259,17
12/22/2020,ETC,32.42,323.63,83
12/23/2020,Post Office,689.98,"1,379.95",13
12/23/2020,ETC,13.36,133.05,43
12/24/2020,Post Office,20.65,41.11,6
12/28/2020,ETC,4.44,8.88,2
12/28/2020,Post Office,20.83,104.16,5
12/29/2020,Post Office,241.14,241.14,9
12/29/2020,ETC,19.14,152.84,42
12/30/2020,ETC,14.7,88.18,22
12/30/2020,Post Office,43.35,43.35,4
12/31/2020,Post Office,0.55,0.55,1
1/4/2021,Post Office,13.56,176.25,13
1/4/2021,ETC,14.87,74.33,17
1/5/2021,Post Office,8.56,94.2,12
1/5/2021,ETC,27.64,55.27,13
1/6/2021,ETC,19.37,77.32,17
1/6/2021,Post Office,21.02,147,8
1/7/2021,Post Office,18.5,184.65,12
1/7/2021,ETC,8.43,16.85,4
1/8/2021,ETC,14.1,"1,238.91",271
1/8/2021,Post Office,33.13,99.4,5
1/9/2021,ETC,14.71,"3,323.06",787
1/10/2021,ETC,13.76,"3,314.89",881
1/11/2021,Post Office,15.07,301.4,21
1/11/2021,ETC,11.71,"3,158.38",816
1/12/2021,Post Office,26.84,106.96,13
1/12/2021,ETC,11.49,"2,684.89",737
1/13/2021,Post Office,55.4,109.38,8
1/13/2021,ETC,11.82,"3,575.47",897
1/14/2021,Post Office,20.76,83.05,8
1/14/2021,ETC,13.51,"3,862.23",896
1/15/2021,Post Office,9.35,46.65,8
1/15/2021,ETC,11.46,"3,605.84",900
1/16/2021,ETC,11.82,"3,992.32",1010
1/17/2021,ETC,11.94,"5,929.97",1527
1/18/2021,Dean's Den,7.77,279.63,81
1/18/2021,Post Office,3.71,3.5,1
1/18/2021,ETC,11.02,"4,968.86",1286
1/19/2021,ETC,10.41,"4,637.24",1192
1/19/2021,Dean's Den,6.37,382.14,122
1/19/2021,Post Office,50.25,150.65,20
1/20/2021,ETC,11.17,"4,619.87",1178
1/20/2021,Post Office,20.88,164.07,8
1/20/2021,Dean's Den,7.09,510.43,169
1/21/2021,ETC,9.94,"4,693.43",1267
1/21/2021,Dean's Den,6,438.03,128
1/21/2021,Post Office,24.36,170.28,11
1/22/2021,Post Office,16.21,178.3,10
1/22/2021,ETC,11.22,"5,518.66",1448
1/23/2021,ETC,10.91,"6,338.10",1621
1/24/2021,ETC,11.01,"7,373.88",1919
1/24/2021,Dean's Den,6.58,467.08,145
1/25/2021,ETC,9.61,"6,021.40",1557
1/25/2021,Dean's Den,6.42,494.07,148
1/25/2021,Post Office,17.89,320.26,20
1/26/2021,Post Office,17.05,219.73,240
1/26/2021,ETC,9.98,"6,986.51",1879
1/26/2021,Dean's Den,7.63,572.11,167
1/27/2021,Dean's Den,6.75,472.28,141
1/27/2021,Post Office,22.73,203,18
1/27/2021,ETC,9.84,"6,800.23",1771
1/28/2021,Dean's Den,7.58,469.26,151
1/28/2021,ETC,9.99,"6,843.89",1827
1/28/2021,Post Office,18.86,262.67,15
1/29/2021,ETC,9.25,"5,489.30",1451
1/29/2021,Post Office,96.57,289.72,13
1/30/2021,ETC,10.35,"6,538.10",1762
1/31/2021,Dean's Den,6.88,515.56,184
1/31/2021,ETC,10.07,"6,895.98",1815
2/1/2021,ETC,9.01,"5,663.85",1490
2/1/2021,Dean's Den,5.96,518.37,173
2/1/2021,Post Office,19.59,252.33,19
2/2/2021,Post Office,13.87,80.98,7
2/2/2021,ETC,9.73,"6,570.12",1710
2/2/2021,Dean's Den,6.04,464.86,168
2/3/2021,ETC,10.21,"7,132.88",1893
2/3/2021,Dean's Den,6.29,478.29,164
2/3/2021,Post Office,15.66,230.46,22
2/4/2021,Post Office,13.14,195.25,16
2/4/2021,Dean's Den,6.8,529.78,205
2/4/2021,ETC,9.29,"7,105.39",1913
2/5/2021,ETC,9.41,"5,745.47",1558
2/5/2021,Post Office,15.38,230.33,20
2/6/2021,ETC,9.73,"6,115.44",1672
2/7/2021,Dean's Den,5.97,346.46,108
2/7/2021,ETC,10.12,"6,744.65",1848
2/8/2021,ETC,10.28,"8,239.44",2106
2/8/2021,Dean's Den,7.04,661.38,231
2/8/2021,Post Office,11.85,212.29,23
2/9/2021,Dean's Den,6.36,470.33,146
2/9/2021,Post Office,15.87,299.83,25
2/9/2021,ETC,10.91,"6,658.11",1683
2/10/2021,Concessions,0,0,0
2/10/2021,Dean's Den,7.23,599.99,182
2/10/2021,ETC,10.06,"7,413.83",1957
2/10/2021,Post Office,31.36,375.33,14
2/11/2021,Dean's Den,6.94,472,156
2/11/2021,ETC,9.42,"7,047.16",1857
2/11/2021,Post Office,10.41,311.19,39
2/12/2021,ETC,11.2,"7,152.46",1872
2/13/2021,ETC,10.34,"7,173.96",1928
2/14/2021,ETC,11.11,"5,030.66",1329
2/14/2021,Dean's Den,8.53,554.25,178
2/15/2021,Post Office,12.46,185.55,17
2/15/2021,ETC,9.87,"7,408.52",1934
2/15/2021,Dean's Den,7.18,409.03,129
2/16/2021,ETC,9.22,"6,970.98",1886
2/16/2021,Dean's Den,7.45,647.81,200
2/16/2021,Post Office,15.47,261.22,26
2/17/2021,Post Office,16.4,244.5,20
2/17/2021,ETC,11.01,"9,040.42",2226
2/17/2021,Dean's Den,8.6,602.03,185
2/18/2021,Dean's Den,7.71,808.94,278
2/18/2021,ETC,10.71,"5,188.83",1308
2/19/2021,Post Office,24.7,737.46,32
2/19/2021,ETC,11.48,"5,723.54",1535
2/19/2021,Concessions,0,0,0
2/20/2021,ETC,10.66,"6,754.50",1825
2/21/2021,Concessions,7.33,66,22
2/21/2021,ETC,9.29,"6,451.55",1784
2/21/2021,Dean's Den,7.29,401.07,128
2/22/2021,Dean's Den,7.49,666.03,219
2/22/2021,Post Office,16.98,218.93,15
2/22/2021,ETC,10.68,"8,169.33",2086
2/23/2021,Dean's Den,7.75,650.99,205
2/23/2021,Post Office,13.85,303.23,23
2/23/2021,ETC,9.61,"7,664.19",2033
2/24/2021,ETC,10.02,"8,475.53",2256
2/24/2021,Post Office,19.36,406.02,20
2/24/2021,Dean's Den,6.46,516.93,173
2/25/2021,ETC,9.86,"7,800.91",2054
2/25/2021,Dean's Den,6.99,552.35,182
2/25/2021,Post Office,11.14,144.6,15
2/26/2021,Post Office,17.55,193.1,11
2/26/2021,ETC,9.54,"6,148.07",1688
2/27/2021,ETC,9.66,"5,979.40",1616
2/28/2021,Concessions,0,0,
2/28/2021,ETC,10.68,"7,279.23",1898
2/28/2021,Dean's Den,8.64,587.56,181
3/1/2021,ETC,10.23,"7,806.83",2032
3/1/2021,Dean's Den,7.16,658.29,205
3/1/2021,Post Office,13.11,168.53,18
3/2/2021,Post Office,8.73,148.19,19
3/2/2021,ETC,10.35,"8,108.74",2051
3/2/2021,Dean's Den,8.36,626.2,193
3/3/2021,Dean's Den,6.55,615.39,199
3/3/2021,ETC,9.87,"7,996.95",2101
3/3/2021,Post Office,10.37,143.78,15
3/4/2021,Concessions,3.71,63,21
3/4/2021,ETC,9.22,"7,294.93",1969
3/4/2021,Dean's Den,5.94,522.32,181
3/4/2021,Post Office,14.39,201.25,15
3/4/2021,Concessions,4,84,28
3/5/2021,Concessions,3.33,60,20
3/5/2021,Concessions,5.25,84,28
3/5/2021,Post Office,10.92,194.82,20
3/5/2021,Concessions,0,0,0
3/5/2021,ETC,9.32,"6,615.49",1798
3/6/2021,Concessions,5.78,780,260
3/6/2021,ETC,9.54,"5,708.20",1583
3/6/2021,Concessions,2.14,15,5
3/7/2021,Dean's Den,8.91,729.95,231
3/7/2021,Concessions,4,12,4
3/7/2021,Concessions,6.19,198,66
3/7/2021,ETC,10.87,"7,181.70",1881
3/8/2021,ETC,10.19,"9,256.40",2446
3/8/2021,Concessions,0,0,0
3/8/2021,Dean's Den,7.02,722.17,231
3/8/2021,Post Office,13.24,185.22,18
3/9/2021,ETC,9.66,"7,938.61",2123
3/9/2021,Post Office,10.91,174.59,17
3/9/2021,Dean's Den,7.25,739.63,230
3/10/2021,ETC,9.28,"7,607.21",2111
3/10/2021,Dean's Den,7.18,724.61,257
3/10/2021,Post Office,9.27,100,13
3/11/2021,Post Office,11.82,139.95,14
3/11/2021,ETC,9.24,"7,695.87",2013
3/11/2021,Dean's Den,7.03,596.83,198
3/12/2021,ETC,10.15,"7,429.16",2009
3/12/2021,Post Office,8.26,97.53,13
3/13/2021,ETC,9.81,"5,587.16",1485
3/14/2021,Dean's Den,7.47,566.66,184
3/14/2021,ETC,11.34,"8,012.19",2077
3/15/2021,ETC,9.63,"7,959.84",2124
3/15/2021,Dean's Den,7.54,670.88,220
3/15/2021,Post Office,9.31,183.24,24
3/16/2021,Dean's Den,7.09,680.37,216
3/16/2021,Post Office,151.96,"2,429.92",16
3/16/2021,ETC,10.17,"7,715.57",1983
3/17/2021,ETC,9.43,"7,650.28",2086
3/17/2021,Dean's Den,6.88,604.68,195
3/17/2021,Post Office,11.83,153.58,15
3/18/2021,Dean's Den,7.26,601.88,198
3/18/2021,Post Office,11.93,143.13,14
3/18/2021,ETC,9.23,"6,524.30",1751
3/19/2021,ETC,9.94,"6,340.31",1684
3/19/2021,Post Office,20.32,303.17,16
3/20/2021,ETC,9.96,"5,827.74",1628
3/21/2021,ETC,10.3,"6,256.44",1639
3/21/2021,Dean's Den,7.96,675.89,218
3/22/2021,ETC,9.56,"8,223.25",2171
3/22/2021,Post Office,17.05,288.42,17
3/22/2021,Dean's Den,6.44,727.12,230
3/23/2021,ETC,9.38,"7,504.66",2002
3/23/2021,Dean's Den,7.68,789.27,247
3/23/2021,Post Office,4.73,75.72,15
3/24/2021,Post Office,18.92,263.5,16
3/24/2021,Dean's Den,6.19,573.84,186
3/24/2021,ETC,10.28,"7,132.99",1927
3/25/2021,Dean's Den,6.08,594.41,193
3/25/2021,Post Office,16.04,256.67,20
3/25/2021,ETC,9.26,"7,324.25",1939
3/26/2021,Post Office,20.3,101.5,9
3/26/2021,ETC,9.47,"6,151.90",1657
3/26/2021,Concessions,6.59,501,167
3/26/2021,Concessions,2.77,36,12
3/27/2021,ETC,9.02,"5,131.62",1327
3/27/2021,Concessions,5.2,411,137
3/27/2021,Concessions,3.67,33,11
3/28/2021,Concessions,4.2,63,21
3/28/2021,ETC,10.14,"6,729.21",1744
3/28/2021,Dean's Den,7.82,709.7,240
3/29/2021,Dean's Den,6.7,555.21,181
3/29/2021,Post Office,13.62,202.56,18
3/29/2021,ETC,9.91,"7,796.94",2073
3/30/2021,ETC,9.25,"7,054.55",1915
3/30/2021,Dean's Den,6.9,537.35,168
3/30/2021,Post Office,10.52,147.1,15
3/31/2021,Post Office,6.78,88.15,13
3/31/2021,Dean's Den,6.89,613.04,188
3/31/2021,ETC,9.17,"7,328.31",1929
4/1/2021,ETC,9.4,"6,127.32",1694
4/1/2021,Dean's Den,6.82,476.97,166
4/1/2021,Post Office,10.22,224.82,23
4/2/2021,Post Office,14.06,182.6,14
4/2/2021,ETC,9.77,"5,132.90",1411
4/3/2021,ETC,9.28,"4,318.27",1148
4/4/2021,ETC,11.29,"5,728.63",1494
4/4/2021,Dean's Den,7.26,521.25,177
4/5/2021,ETC,8.69,"6,442.43",1784
4/5/2021,Dean's Den,6.26,543.71,179
4/5/2021,Post Office,15,238.6,16
4/6/2021,Post Office,11.21,187.6,16
4/6/2021,Dean's Den,5.99,520.57,168
4/6/2021,ETC,9.32,"6,638.11",1786
4/7/2021,Dean's Den,6.33,511.27,167
4/7/2021,Post Office,8.98,114.91,19
4/7/2021,ETC,9.86,"6,485.61",1768
4/8/2021,ETC,8.91,"6,585.79",1785
4/8/2021,Dean's Den,6.1,456.41,142
4/8/2021,Post Office,15.06,164.08,12
4/9/2021,Post Office,21.45,298.87,17
4/9/2021,ETC,9.03,"5,146.09",1384
4/10/2021,ETC,9.66,"5,164.67",1432
4/11/2021,Dean's Den,7.78,636.02,193
4/11/2021,ETC,10.52,"6,455.55",1670
4/12/2021,ETC,9.45,"7,120.43",1889
4/12/2021,Dean's Den,7.07,620.74,200
4/12/2021,Post Office,10.67,220.11,21
4/13/2021,Post Office,27.98,362.29,15
4/13/2021,Dean's Den,6.91,565.37,184
4/13/2021,ETC,9.26,"7,176.66",1892
4/14/2021,ETC,8.99,"6,399.06",1760
4/14/2021,Dean's Den,7.53,488.24,158
4/14/2021,Post Office,8.69,138.8,17
4/15/2021,Post Office,7.86,163.38,24
4/15/2021,ETC,8.76,"5,714.64",1553
4/15/2021,Dean's Den,7.41,531.44,166
4/16/2021,ETC,9.03,"5,334.54",1499
4/16/2021,Post Office,19.02,204.99,11
4/17/2021,ETC,10.32,"5,359.07",1400
4/17/2021,Concessions,6.04,465,155
4/17/2021,Concessions,4,12,4
4/18/2021,Dean's Den,7.46,667.79,199
4/18/2021,ETC,10.23,"6,296.46",1628
4/19/2021,Dean's Den,6.61,593.22,186
4/19/2021,ETC,9.9,"7,404.86",2034
4/19/2021,Post Office,13.02,181.95,19
4/20/2021,Dean's Den,7.33,811.13,244
4/20/2021,Post Office,8.88,62.14,7
4/20/2021,ETC,9.8,"6,826.14",1825
4/21/2021,ETC,10.34,"7,006.77",1822
4/21/2021,Dean's Den,7.08,563.8,180
4/21/2021,Post Office,16.16,191.53,12
4/22/2021,Dean's Den,6.81,637.33,218
4/22/2021,Post Office,13.19,171.29,13
4/22/2021,ETC,8.92,"5,956.98",1671
4/23/2021,ETC,10.06,"5,185.83",1384
4/23/2021,Concessions,5.67,102,34
4/23/2021,Post Office,18.82,244.55,13
4/24/2021,ETC,9.91,"4,267.28",1082
4/25/2021,Concessions,6.67,60,20
4/25/2021,ETC,10.63,"6,060.32",1613
4/25/2021,Dean's Den,7.72,599.23,193
4/26/2021,Post Office,25.1,275.93,12
4/26/2021,Dean's Den,5.78,402.96,137
4/26/2021,ETC,9.62,"6,528.66",1766
4/27/2021,ETC,10.04,"6,619.18",1689
4/27/2021,Dean's Den,6.32,590.02,201
4/27/2021,Post Office,12.36,271.32,23
4/28/2021,Post Office,31.13,217.94,7
4/28/2021,ETC,10.99,"7,528.10",2151
4/28/2021,Dean's Den,6.87,402.88,133
4/29/2021,Dean's Den,4.94,309.89,104
4/29/2021,Post Office,18.69,298.59,17
4/29/2021,ETC,9.26,"5,355.40",1416
4/30/2021,Post Office,14.46,243.94,19
4/30/2021,ETC,10.91,"5,775.15",1567
5/1/2021,Concessions,3,3,1
5/1/2021,Concessions,7.26,813,271
5/1/2021,ETC,12.97,"6,877.72",1750
5/2/2021,Dean's Den,7.25,490.64,158
5/2/2021,ETC,14.84,"7,207.71",1699
5/3/2021,Dean's Den,5.95,401.5,133
5/3/2021,Post Office,26.26,471.45,27
5/3/2021,ETC,13.05,"6,240.11",1628
5/4/2021,ETC,16.52,"8,008.36",1988
5/4/2021,Dean's Den,6.68,344.63,109
5/4/2021,Post Office,32.51,356.55,20
5/5/2021,Post Office,14.43,240.97,17
5/5/2021,ETC,17.08,"7,413.36",1894
5/5/2021,Dean's Den,5.09,100.74,32
5/5/2021,Concessions,5.77,663,221
5/5/2021,Concessions,6.75,27,9
5/6/2021,ETC,20.46,"6,902.14",1743
5/6/2021,Post Office,42.85,684.08,27
5/7/2021,Concessions,3,9,3
5/7/2021,Post Office,49.54,741.13,36
5/7/2021,ETC,24.25,"6,632.95",1636
5/7/2021,Concessions,6.22,417,139
5/8/2021,ETC,22.57,"3,534.99",951
5/9/2021,ETC,22.14,"5,438.67",1407
5/10/2021,ETC,22.19,"2,348.93",619
5/10/2021,Post Office,51.48,977.85,20
5/11/2021,Post Office,13.95,69.75,5
5/11/2021,ETC,8.34,373.24,105
5/12/2021,Post Office,16.26,161.8,17
5/12/2021,ETC,9.98,347.36,95
5/13/2021,ETC,8.47,437.92,131
5/13/2021,Post Office,24.35,73.05,3
5/14/2021,Post Office,9.75,116.95,12
5/14/2021,ETC,9.21,373.59,109
5/15/2021,ETC,11.62,428.29,111
5/16/2021,ETC,20.67,"1,298.74",364
5/17/2021,ETC,12.38,"1,171.40",310
5/17/2021,Post Office,34.5,448.3,15
5/18/2021,Post Office,7.11,64,9
5/18/2021,ETC,14.79,"1,329.27",351
5/19/2021,ETC,17.18,"1,552.97",453
5/19/2021,Post Office,6.28,69.09,12
5/20/2021,Post Office,9.18,100.94,11
5/20/2021,ETC,8.97,787.5,213
5/21/2021,ETC,8.66,715.44,209
5/21/2021,Post Office,13.42,133.83,12
5/22/2021,ETC,10.81,658.77,180
5/23/2021,ETC,13.81,"1,214.72",325
5/24/2021,ETC,8.33,830.34,232
5/24/2021,Post Office,7.51,59.94,11
5/25/2021,Post Office,16.35,114.32,9
5/25/2021,ETC,9.45,810.57,229
5/26/2021,ETC,7.06,654.19,191
5/26/2021,Post Office,20.89,146.1,8
5/27/2021,Post Office,18.31,200.54,15
5/27/2021,ETC,8.25,691.33,216
5/29/2021,ETC,12.44,659.42,171
5/30/2021,ETC,13.72,808.85,205
6/1/2021,ETC,11.3,"1,352.54",370
6/1/2021,Post Office,14.96,269.23,19
6/3/2021,ETC,13.92,"1,390.26",375
6/4/2021,Post Office,3.6,7.2,1
6/4/2021,ETC,8.76,760.03,214
6/5/2021,ETC,10.78,839.81,226
6/6/2021,ETC,17.81,"1,513.39",382
6/7/2021,Post Office,11,33,3
6/7/2021,ETC,11.47,"1,099.26",304
6/8/2021,ETC,10.19,904.76,250
6/8/2021,Post Office,32.68,130.7,4
6/9/2021,Post Office,43.74,437.4,10
6/9/2021,ETC,10.47,939.9,247
6/10/2021,ETC,12.48,"1,232.58",350
6/10/2021,Post Office,17.75,141.96,13
6/11/2021,Post Office,8.58,8.58,1
6/11/2021,ETC,9.27,915.73,263
6/12/2021,ETC,14.05,659.83,179
6/13/2021,ETC,15.33,887.92,233
6/14/2021,Post Office,56.61,221.95,7
6/14/2021,ETC,9.99,"1,335.88",371
6/15/2021,Post Office,58.69,293.35,5
6/15/2021,ETC,9.23,828.54,231
6/16/2021,Post Office,55.63,445.06,8
6/16/2021,ETC,11.12,"1,308.76",340
6/17/2021,Post Office,32.5,97.51,3
6/17/2021,ETC,9.98,"1,285.79",355
6/19/2021,ETC,16.61,"1,658.96",437
6/20/2021,ETC,13.18,"1,264.42",358
6/21/2021,ETC,12.26,"1,320.65",345
6/21/2021,Post Office,39.25,78.49,2
6/22/2021,Post Office,2.89,2.89,1
6/22/2021,ETC,12.77,"1,593.27",407
6/23/2021,ETC,9.05,"1,090.95",330
6/24/2021,Post Office,29.29,87.75,3
6/24/2021,ETC,7.95,"1,116.64",316
6/25/2021,ETC,8.86,883.72,254
6/25/2021,Post Office,10.72,21.44,2
6/26/2021,ETC,11.07,895.62,256
6/27/2021,ETC,14.61,"1,136.75",286
6/28/2021,ETC,13.51,"1,939.43",524
6/29/2021,Post Office,3.41,20.44,6
6/29/2021,ETC,9.23,"1,069.35",305
6/30/2021,Post Office,22.05,176.39,11
7/1/2021,Post Office,11.8,59,5
7/1/2021,ETC,15.74,"1,523.94",418
